1870 3066
251 11 272 23 0

240 151 306 201 28

237 293 317 335 His
348 296 456 336 enim
487 297 639 346 verbiS,
671 309 777 349 quae
802 296 1043 350 simpliciter
1064 296 1172 338 dicta
1193 310 1453 351 nequaquam
1475 310 1498 338 a
1519 298 1694 338 veritate

237 365 468 405 desciscere
515 366 614 406 mihi
660 366 864 417 videntur,
911 367 1203 420 grammaticus
1253 356 1324 408 iile
1365 380 1509 421 presse
1554 367 1693 419 refert,

237 435 442 488 prioribus
472 434 663 475 Nubibus
705 440 994 489 argumentum
1032 437 1120 477 fere
1159 437 1268 477 idem
1309 437 1437 477 fuisse
1478 438 1602 490 atque
1631 450 1693 478 se-

237 504 393 555 cundis,
426 507 468 544 et
497 508 662 558 poetam
692 505 848 558 priores
871 505 1016 547 Nubes
1043 507 1101 547 ita
1120 509 1367 548 retractasse
1389 511 1431 547 et
1450 507 1693 558 correxisse,

236 578 283 614 ut
322 575 615 614 correctionem
660 571 943 632 (ὃιόρθωσιν)
989 577 1157 629 quidem
1200 576 1455 628 singulorum
1501 577 1692 626 locorum,

238 656 344 696 quae
364 656 440 696 per
459 644 587 683 totam
609 645 859 685 comoediam
882 644 1030 685 diffusa
1050 646 1206 699 aliquot
1226 646 1415 686 versibus
1436 646 1506 685 vel
1527 645 1694 685 mutatis

234 712 306 752 vel
326 713 476 753 additis
497 714 567 753 vel
588 714 750 753 omissis
781 719 823 754 et
852 723 1120 767 personarum
1142 714 1294 755 ‘ordine
1323 716 1569 761 commutato
1600 727 1693 765 con-

236 782 443 835 spiciatur,
489 783 645 833 fecerit,
693 784 766 822 sed
810 784 1007 836 gravibus
1057 797 1298 823 scaenarum
1343 783 1709 823 immutationibus

236 848 520 906 (διασκευαῖς)
550 865 631 891 non
662 866 762 893 usus
794 854 848 893 sit
878 853 957 894 nisi
987 853 1117 894 tribus
1147 853 1260 904 locis,
1292 855 1334 893 et
1361 853 1404 893 in
1433 853 1622 907 parabasi
1653 854 1695 892 et

236 922 278 960 in
317 921 528 962 amborum
562 920 800 962 Sermorum
836 923 1060 963 certamine
1101 927 1142 963 et
1179 923 1221 962 in
1257 922 1339 963 fine
1378 922 1553 962 fabulae.
1624 920 1693 961 Ex

233 990 380 1031 iisdem
431 991 569 1031 verbis
629 1005 792 1045 quoque
852 994 1022 1045 apparet
1071 991 1389 1046 Aristophanem
1442 991 1692 1045 aliquamdiu

235 1061 400 1100 fabulae
441 1061 493 1100 de
530 1061 691 1113 integro
729 1062 937 1101 docendae
967 1062 1182 1101 consilium
1213 1074 1352 1101 secum
1383 1062 1576 1113 agitasse,
1618 1061 1692 1100 sed

233 1134 380 1182 postea
400 1130 538 1182 aliqua
559 1130 610 1169 de
632 1143 755 1169 causa
775 1130 987 1183 abjecisse.
1021 1128 1400 1179 considerantibus,
1423 1142 1692 1183 quaecunque

235 1204 381 1238 sextae
412 1199 656 1252 hypothesis
684 1202 828 1239 auctor
860 1199 1009 1250 attulit,
1048 1198 1166 1239 nobis
1208 1199 1323 1238 nulla
1352 1210 1476 1238 causa
1506 1201 1582 1249 est,
1621 1212 1693 1238 cur

234 1281 316 1308 non
348 1270 385 1308 ei
414 1268 539 1308 fidem
571 1268 806 1309 habeamus.
867 1268 1033 1309 Etenim
1051 1270 1138 1322 jam
1159 1282 1283 1322 supra
1304 1266 1690 1319 demonstravimus,

234 1338 425 1391 quamvis
448 1337 591 1377 Nubes
612 1350 718 1378 anno
740 1340 823 1379 423
846 1340 961 1379 actae
983 1339 1076 1390 sint,
1103 1338 1279 1392 priorem
1300 1338 1510 1392 parabasis
1531 1341 1690 1392 partem

234 1420 315 1447 non
347 1408 442 1447 ante
473 1419 625 1447 annum
656 1410 742 1448 420
772 1407 966 1461 scriptam
998 1421 1090 1448 esse
1120 1420 1254 1462 posse.
1322 1407 1384 1448 De
1416 1408 1692 1462 epirrhemate

234 1480 359 1531 atque
404 1477 753 1531 antepirrhemate
798 1478 1045 1531 ambigitur„
1086 1482 1225 1519 utrum
1274 1479 1430 1532 primae
1476 1490 1537 1518 an*
1572 1477 1691 1518 alteri

232 1546 461 1586 recensioni
501 1546 772 1586 adscribenda
808 1547 901 1587 sint.
962 1547 1099 1587 Primo
1140 1548 1278 1587 statim
1317 1548 1515 1600 adspectu
1545 1547 1690 1587 credas

234 1618 464 1655 extremam
495 1616 616 1655 istam
646 1616 856 1668 parabasis
878 1618 1037 1669 partem
1069 1613 1350 1671 (575—594)
1380 1626 1463 1656 non
1492 1616 1534 1656 in
1555 1616 1690 1669 priore

234 1684 415 1725 Nubium
449 1685 627 1725 editione
657 1685 797 1737 fuisse,
838 1686 912 1726 sed
952 1687 1074 1740 paulo
1111 1691 1206 1740 post
1234 1686 1388 1740 primas
1419 1684 1562 1726 Nubes
1592 1686 1688 1727 vivo

234 1756 448 1796 etiamtum
481 1754 637 1796 Cleone
668 1756 850 1797 additam
886 1770 979 1797 esse
989 1773 998 1806 3
1036 1757 1102 1797 cui
1137 1756 1368 1796 sententiae
1404 1756 1502 1796 licet
1530 1756 1690 1796 assensi

232 1826 315 1865 sint
335 1825 552 1865 clarissimi
572 1826 662 1877 viri,
696 1828 833 1866 tamen
855 1826 991 1867 facere
1012 1840 1093 1866 non
1118 1839 1299 1880 possum,
1331 1825 1429 1878 quin
1443 1838 1687 1879 repugnem.

233 1894 401 1946 Omitto,
433 1896 543 1948 quod
574 1908 656 1935 non
687 1895 914 1935 verisimile
953 1897 1018 1936 est
1053 1895 1292 1949 interjectos
1322 1897 1408 1936 tres
1438 1907 1566 1935 annos
1597 1907 1690 1934 esse

230 1965 338 2005 inter
367 1964 580 2018 parabasis
610 1964 771 2005 initium
804 1964 976 2018 ejusque
1006 1964 1142 2016 finem,
1173 1965 1254 2005 nisi
1282 1964 1388 2005 forte
1415 1964 1689 2017 epirrhemate

230 2034 415 2088 perfecto
431 2036 595 2088 poetam
612 2034 868 2088 aliquantum
889 2034 1085 2089 temporis
1106 2047 1130 2075 a
1144 2033 1394 2088 perficienda
1408 2021 1550 2074 fabula
1564 2033 1689 2074 desti-

230 2105 332 2145 tisse
353 2105 568 2145 existimas
589 2108 661 2145 aut
680 2106 722 2144 in
742 2105 995 2157 corrigendis
1017 2104 1166 2144 leniter
1186 2106 1229 2144 et
1249 2104 1527 2157 perpoliendis
1548 2104 1688 2157 paucis

230 2173 433 2225 versibus,
455 2187 557 2227 quos
573 2174 680 2214 infra
694 2175 929 2228 indagaturi
949 2188 1103 2227 sumus,
1127 2176 1168 2215 et
1188 2174 1348 2215 duabus
1368 2174 1555 2215 tribusve
1576 2186 1687 2214 scae-

230 2245 294 2283 nis
314 2245 522 2297 mutandis
544 2245 763 2284 triennium
784 2245 1099 2298 consumpsisse.
1154 2243 1266 2284 Num
1294 2243 1413 2283 vobis
1442 2246 1576 2295 poeta,
1607 2255 1690 2295 qua

231 2315 319 2354 erat
338 2313 495 2366 ingenii
514 2313 724 2354 celeritate
746 2316 869 2368 atque
901 2313 1211 2365 exercitatione,
1243 2315 1401 2354 tantum
1428 2313 1625 2367 temporis
1644 2313 1687 2353 in

231 2397 278 2424 eo
296 2396 420 2436 opere
440 2383 626 2423 haesisse
642 2384 832 2424 videtur?
864 2382 978 2424 Cave
994 2384 1131 2437 igitur,
1154 2396 1206 2423 ne
1222 2383 1468 2423 scholiastae
1489 2379 1687 2437 (Aldinae

229 2453 421 2493 editionis
441 2453 680 2505 posterioris
701 2453 751 2493 ad
774 2467 941 2493 versum
965 2451 1067 2507 592)
1089 2452 1257 2493 nimiam
1282 2453 1407 2492 fidem
1428 2452 1594 2502 habeas,
1616 2453 1686 2505 qui

228 2522 367 2563 affert:
399 2520 534 2573 δῆλον
563 2513 641 2563 οὖν
660 2518 730 2564 ὅτι
749 2518 863 2564 κατὰ
882 2518 1069 2571 πολλοὺς
1099 2516 1203 2571 τοὺς
1225 2517 1412 2579 χρόνους
1441 2517 1685 2564 διεσκεύασε

228 2587 279 2634 τὸ
310 2591 469 2649 δρᾶμα.
530 2591 603 2632 καὶ
632 2592 775 2633 ταῦτα
803 2593 886 2647 μὲν
915 2590 969 2634 οὐ
1009 2592 1156 2646 πολλῷ
1187 2587 1378 2645 ὕστερον.
1440 2594 1487 2632 ὲν
1530 2587 1596 2639 οἷς
1639 2590 1685 2632 δὲ

227 2657 470 2710 Εὐπόλιδος
484 2662 709 2716 μέμνηται
722 2661 794 2703 καὶ
810 2662 899 2705 τῶν
914 2658 1254 2718 εὶςὙπὲρβολον
1264 2658 1510 2715 κωμῳδιῶν,
1527 2659 1685 2714 πολλῷ.

228 2730 299 2773 Ex
330 2731 476 2777 eodem
520 2730 633 2772 fonte
669 2730 750 2771 iste
788 2744 901 2772 error
929 2731 1125 2782 manavit,
1171 2734 1297 2783 atque
1337 2742 1416 2782 quo
1448 2732 1582 2769 ortum
1621 2732 1687 2770 est
