1870 3066
222 152 289 208 20

220 293 548 335 effeminatorum
592 307 752 335 morum
797 295 919 348 culpa
960 296 1103 349 procul
1147 295 1338 347 abfuerit,
1383 295 1441 338 ita
1482 296 1596 338 illam
1633 297 1676 337 in

220 363 441 419 sophistae,
483 363 673 417 publicae
705 363 793 405 dico
825 364 1074 406 infirmitatis
1104 366 1305 416 auctores,
1348 365 1675 406 transferendam

220 447 334 482 esse;
368 446 464 474 nam
493 433 650 487 patriae
677 432 786 473 bello
807 436 987 474 vexatae
1009 434 1189 474 strenuis
1206 434 1430 488 juvenibus
1452 447 1553 488 opus
1576 437 1679 476 erat.

335 503 469 545 Venio
500 514 608 543 nunc
650 503 702 543 ad
733 501 909 544 alterum
940 503 1093 545 crimen
1126 501 1283 561 Socrati
1316 504 1535 557 objectum,
1566 504 1675 557 quod

217 586 389 627 pravam
430 572 708 625 eloquentiam
753 572 951 625 profitens
992 573 1256 626 juventutem
1303 573 1437 614 litium
1483 573 1673 627 cupidam

218 642 380 683 efficiat.
442 640 705 695 Strepsiades
736 641 833 692 filio,
865 644 912 682 ut
943 641 1122 683 Socratis
1154 643 1337 683 scholam
1368 642 1501 693 adeat,
1537 644 1676 684 narrat

220 714 301 753 112
334 725 470 765 seqq:

494 775 606 824 εἶναι
634 777 729 839 παρ’
756 777 907 830 αὐτοῖς
936 794 1073 840 φασιν
1102 776 1239 839 ἄμφω
1269 776 1329 823 τὼ
1357 777 1482 837 λόγω,

495 846 575 893 τὸν
605 848 827 907 κρείττον’,
859 848 980 900 ὅστις
1010 852 1113 903 ἐστί,
1144 852 1218 893 καὶ
1248 846 1328 894 τὸν
1356 848 1536 903 ἥττονα.
1564 864 1566 866 ·

494 917 671 963 τούτοιν
700 916 782 964 τὸν
812 923 960 978 ἕτερον
992 925 1087 963 τοῖν
1116 916 1276 975 λόγοιν,
1309 915 1388 963 τὸν
1417 917 1597 973 ἥττονα,

496 990 624 1032 νικᾶν
653 986 838 1045 λέγοντά
868 1003 979 1050 φασι
1009 986 1285 1047 τάδικώτερα.

333 1060 425 1100 Hoc
466 1061 553 1100 loco
587 1059 800 1101 Socratem
839 1074 931 1101 cum
963 1059 1129 1114 Gorgia,
1172 1059 1493 1115 Thrasymacho,
1531 1059 1673 1101 Prota-

216 1142 329 1183 gora,
361 1129 546 1181 Prodico,
579 1130 734 1184 Hippia
764 1131 971 1185 sophistiS,
1004 1132 1073 1185 qui
1098 1133 1194 1171 tunc
1216 1129 1390 1171 Athenis
1413 1143 1505 1171 sese
1527 1131 1672 1171 docere

215 1200 515 1255 profitebantur
545 1201 833 1254 arrogantibus
865 1213 964 1241 sane
993 1201 1145 1251 verbis,
1178 1200 1524 1254 quemadmodum
1550 1213 1674 1242 causa

215 1270 384 1310 inferior
414 1270 586 1311 dicendo
618 1270 706 1311 fieri
739 1272 879 1324 posset
910 1271 1096 1324 superior
1126 1267 1227 1320 (Cic.
1258 1269 1375 1310 Brut.
1408 1273 1446 1321 8,
1480 1273 1548 1319 30)
1580 1285 1672 1312 con-

214 1340 344 1390 fundi,
367 1340 457 1392 quis
483 1342 547 1379 est
568 1340 637 1393 qui
659 1341 807 1393 neget?
855 1339 975 1385 Quod
999 1341 1152 1386 crimen
1174 1342 1215 1378 et
1236 1339 1353 1379 Plato
1376 1342 1418 1381 et
1437 1339 1672 1393 Xenophon

214 1409 365 1449 leviter
394 1409 614 1461 attingunt,
655 1422 749 1449 cum
779 1410 851 1449 ille
883 1407 1093 1449 Socratem
1124 1411 1360 1448 accusatum
1391 1408 1519 1449 fuisse
1561 1409 1670 1459 dicit,

214 1479 325 1531 quod
355 1472 435 1520 τὸν
465 1474 583 1529 ἥττω
604 1474 735 1532 λόγον
766 1479 947 1534 κρείττω
967 1483 1108 1519 ποιεῖν
1138 1477 1274 1531 (Apol.
1297 1480 1364 1527 23,
1387 1478 1451 1527 D.)
1482 1492 1526 1518 se
1549 1491 1670 1532 posse

211 1549 424 1602 professus
456 1549 520 1598 sit,
553 1549 632 1589 istc
665 1547 834 1589 Critiam
878 1548 1062 1588 vetuisse
1096 1546 1307 1587 Socratem
1343 1543 1483 1601 λόγων
1512 1548 1671 1602 τέχνην

213 1612 310 1671 (μὴ)
342 1614 562 1659 διδάσκειν
594 1617 733 1667 (Mem.
758 1617 792 1665 Ι,
816 1620 854 1667 2,
878 1618 947 1665 31)
979 1619 1271 1670 commemorat
1301 1617 1509 1669 additque,
1540 1617 1669 1665 illum,

214 1699 306 1726 cum
347 1700 428 1726 non
459 1686 661 1734 habuerit,
701 1687 770 1726 ubi
811 1686 1100 1739 philosophum
1140 1686 1415 1739 impugnaret,
1457 1680 1508 1727 τὸ
1550 1685 1671 1745 κοινῇ

213 1760 306 1804 τοῖς
335 1751 597 1812 φιλοσόφοις
627 1750 710 1797 ὑπὸ
743 1756 830 1797 τῶν
858 1755 1030 1797 πολλῶν
1051 1750 1371 1809 ἐπιτιμώμενον
1401 1755 1438 1795 ei
1468 1756 1668 1795 intulisse.

210 1824 321 1865 Hinc
362 1826 453 1864 luce
493 1825 643 1878 clarius
686 1827 760 1874 est,
808 1824 1021 1865 Socratem
1068 1837 1160 1864 cum
1200 1825 1290 1865 istis
1332 1824 1524 1878 sophistis
1568 1824 1671 1865 nihil

209 1908 424 1935 commune
454 1895 648 1935 habuisse
681 1897 723 1934 et
753 1894 1085 1948 Aristophanem,
1127 1907 1217 1934 cum
1263 1894 1404 1934 ambos
1436 1893 1669 1945 Sermones,

210 1964 235 2004 J
239 1966 377 2004 ustum
401 1966 441 2004 et
463 1963 685 2017 Injustum,
708 1964 749 2003 in
771 1976 962 2004 scaenam
984 1964 1274 2013 introduceret,
1298 1964 1349 2003 ad
1365 1962 1669 2016 Protagoram⁷)

209 2033 469 2086 potissimum
508 2035 732 2087 spectasse,
780 2034 973 2086 illiusque
1018 2034 1259 2086 exemplum
1300 2032 1453 2073 comica
1493 2033 1669 2086 quadam

209 2103 437 2142 imitatione
469 2103 695 2142 effinxisse.
758 2102 914 2142 Tamen
945 2102 987 2142 in
1020 2115 1067 2141 eo
1098 2115 1179 2142 uno
1210 2115 1292 2141 non
1315 2114 1483 2154 prorsus
1506 2103 1669 2155 culpam

210 2184 234 2211 a
266 2169 433 2212 Socrate
465 2172 675 2213 dimovere
706 2185 939 2226 possumus,
971 2172 1081 2225 quod
1107 2171 1370 2225 juventutem
1395 2172 1507 2226 justo
1529 2173 1668 2225 loqua-

211 2242 361 2281 ciorem
394 2243 435 2281 et
465 2242 599 2282 litium
631 2242 822 2297 cupidam
854 2240 1043 2282 effecerit.
1111 2240 1175 2281 De
1213 2240 1289 2281 hac
1319 2253 1364 2280 re
1395 2241 1668 2283 Fritzschium

211 2313 448 2363 loquentem
481 2313 695 2352 audiamus
721 2313 893 2365 (quaest.
917 2312 1042 2352 Arist.
1067 2312 1186 2362 126):
1219 2311 1338 2361 „Hoc
1358 2325 1484 2351 unum
1506 2312 1667 2363 addam,

212 2379 425 2421 Socratem
475 2382 639 2423 omnino
691 2381 892 2432 docuisse,
939 2381 1285 2435 quemadmodum
1334 2394 1458 2421 causa
1501 2380 1669 2421 inferior

209 2450 384 2490 dicendo
424 2450 514 2491 fieri
555 2452 742 2505 superior
782 2454 934 2505 posset.
1007 2451 1130 2491 Falso
1172 2452 1298 2504 igitur
1335 2465 1359 2491 a
1398 2450 1595 2491 Cicerone
1625 2450 1668 2489 in

209 2518 340 2560 Bruto
372 2532 404 2559 c.
437 2523 474 2561 8.
509 2519 699 2561 Socrates
731 2521 880 2561 dicitur
909 2521 970 2570 iis,
996 2521 1084 2574 qui
1120 2521 1229 2562 istud
1261 2522 1345 2561 tam
1377 2520 1667 2572 arrogantibus

325 2682 358 2727 ⁷)
382 2679 457 2717 vid.
474 2679 588 2726 Diog.
605 2680 733 2717 Laert.
750 2681 824 2727 IX,
842 2682 906 2718 51:
930 2683 1066 2729 πρῶτος
1083 2681 1362 2730 (Πρωταγόρας)
1384 2682 1448 2726 ἔφη
1464 2679 1527 2715 δύο
1544 2679 1666 2724 λόγους

207 2733 298 2774 εἶναι
330 2742 411 2787 περὶ
436 2740 571 2779 παντὸς
599 2740 807 2787 πράγματος
833 2740 1087 2782 ἀντικειμένους
1113 2738 1277 2785 ἀλλήλοις
1303 2750 1406 2784 seqq.
