1870 3066
293 168 357 218 32

286 310 437 364 quibus
457 310 784 365 Chaerephontis
806 324 955 352 nomen
980 312 1195 366 reperitur,
1228 313 1353 369 priori
1371 311 1557 360 ‚Nnbiu‘m
1577 313 1743 354 editioni

285 380 576 421 adscribendos
618 394 753 421 esse·
798 381 956 422 Deinde
997 394 1073 423 nec
1106 382 1244 422 minus
1287 370 1511 423 {erisimile
1556 381 1741 437 Euripidi

284 450 417 490 locum
449 450 591 490 datum
621 450 749 491 fuisse
789 451 889 491 mihi
925 451 1101 500 videtur,
1144 451 1254 504 quod
1284 465 1339 491 ex
1368 452 1602 505 fragmento
1633 451 1742 506 apud

283 518 512 572 Diogenem
542 518 752 560 Laertium
792 516 872 574 (ΙΙ,
905 522 943 570 5,
977 517 1049 573 18)
1084 520 1253 560 invento
1295 521 1490 574 colligere
1520 521 1628 572 licet,
1673 520 1742 561 ubi

284 588 511 643 discipulus
544 588 774 643 Strepsiadi
799 587 980 630 Socratis
1012 590 1267 643 sapientiam
1286 590 1479 631 discitum
1501 589 1740 643 Euripidem

281 658 323 697 in
354 658 445 711 ejus
476 657 639 698 officina
669 658 893 710 tragoediis
924 658 1216 712 componendis
1246 661 1488 713 occupatum
1518 661 1736 707 monstrat3

281 726 411 767 verba
441 729 540 768 sunt
569 727 690 767 haec:

556 792 796 854 Εὐριπίδης
824 793 888 840 δ’ὁ
919 791 1000 847 τὰς
1028 796 1276 855 τραγῳδίας
1303 798 1444 841 ποιῶν

558 861 639 915 τὰς
666 862 983 924 περιλαλούσας
1011 858 1140 917 οὗτός
1171 871 1273 918 ἐστι,
1308 862 1389 917 τὰς
1417 863 1572 928 σοφάς,

557 930 638 985 τὰς
666 932 1065 996 σωκρατογόμφους
1093 935 1337 991 (Fritzsche,
1369 951 1436 991 qu.
1468 938 1548 981 Ar.⁴
1575 934 1688 990 158).

392 1004 665 1059 Physicorum
697 1006 821 1046 etiam
851 1007 1033 1046 studium
1063 1006 1196 1058 inane,
1228 1007 1280 1047 de
1310 1021 1391 1061 quo
1423 1020 1548 1061 supra
1577 1007 1678 1057 dixi,
1712 1020 1737 1047 a

276 1077 399 1127 poeta
438 1073 597 1115 Socrati
637 1075 855 1129 opprobrio
897 1075 1050 1127 datum,
1093 1076 1242 1117 melius
1282 1076 1324 1117 in
1355 1075 1596 1130 Euripidem
1628 1076 1761 1117 cadit·

276 1157 400 1196 quam
430 1144 473 1185 in
505 1143 728 1185 Socratem.
1678 1142 1681 1145 ’

390 1213 573 1263 Accedit,
606 1215 714 1268 quod
741 1214 927 1255 nonnulli
949 1216 1095 1267 poetae
1117 1227 1263 1255 versus
1284 1215 1353 1255 vel
1374 1215 1733 1268 grammaticorum

274 1283 403 1325 verba
422 1283 699 1336 inveniuntur,
723 1284 885 1337 quibus,
907 1285 1042 1338 qualis
1065 1285 1187 1326 fuerit
1206 1286 1473 1327 institutionis
1496 1285 1733 1326 Socraticae

272 1354 389 1401 ratio,
421 1366 446 1393 a
475 1356 597 1407 poeta
626 1354 779 1393 comice
811 1354 1018 1408 descripta
1047 1355 1211 1408 planius
1246 1354 1488 1395 illustretur.
1551 1354 1733 1394 Primum

272 1423 362 1476 ipse
392 1427 515 1477 poeta
543 1437 581 1463 v,
605 1426 856 1474 537—539,
888 1437 960 1464 cur
980 1424 1228 1477 sapientium
1249 1424 1372 1463 laude
1394 1424 1561 1476 dignam
1582 1426 1733 1463 retrac-

272 1495 401 1532 tatam
431 1493 614 1533 fabulam
648 1493 819 1546 judicet,
866 1493 1038 1548 exponit
1074 1493 1199 1547 idque
1240 1506 1286 1533 eo
1328 1493 1577 1545 manifestat,
1622 1494 1732 1548 quod

272 1564 387 1604 nullo
426 1564 567 1617 phallo
608 1564 835 1617 praeligato
877 1564 1050 1605 incedat.
1119 1563 1325 1618 Deinceps
1366 1564 1470 1604 ratio
1511 1552 1731 1604 uerborum

271 1633 518 1673 scholiastae
548 1633 601 1672 ad
631 1646 669 1672 v.
703 1635 785 1674 734
823 1632 1013 1672 habenda
1052 1634 1128 1682 est,
1166 1632 1236 1685 qui
1267 1632 1384 1673 dicit:
1426 1626 1477 1674 τὸ
1508 1633 1621 1681 πέος·
1666 1630 1731 1673 δεῖ

269 1697 353 1759 γὰρ
394 1697 532 1745 αὐτὸν
572 1701 854 1754 καθέζεσθαι
890 1702 1047 1758 ἔχοντα
1089 1697 1138 1744 τὸ
1177 1701 1345 1744 αἰδοῖον
1384 1702 1457 1744 καὶ
1473 1702 1748 1756 μιμεῖσθαι

269 1766 349 1814 τὸν
378 1769 678 1830 δερμύλλοντιτ
708 1768 876 1814 ἑαυτόν.
939 1771 1200 1826 Strepsiades
1219 1772 1342 1813 enim
1372 1785 1396 1813 a
1420 1770 1588 1813 Socrate
1619 1772 1728 1813 frau-

268 1843 483 1883 dulentum
514 1843 720 1896 quendam
752 1843 903 1893 dolum,
943 1857 1024 1896 quo
1057 1856 1151 1883 aere
1183 1843 1317 1883 alieno
1349 1843 1558 1891 liberetur,
1584 1842 1728 1895 jussus

267 1913 519 1953 comminisci
563 1925 731 1952 reverso
785 1912 995 1952 invenitur
1043 1925 1191 1965 penem
1234 1912 1276 1952 in
1322 1912 1510 1953 manibus
1531 1948 1537 1955 .
1556 1911 1725 1952 habene.

267 1981 478 2022 Postremo
509 1982 770 2035 reperiuntur
801 1982 911 2035 apud
941 1981 1132 2022 Photium
1164 1978 1276 2035 (pag.
1310 1984 1405 2032 428,
1438 1979 1512 2035 27)
1544 1983 1586 2021 et
1616 1981 1724 2034 apud

267 2050 438 2092 Suidam
468 2049 519 2106 (s.
551 2066 589 2092 v.
622 2048 800 2106 πηνίον)
832 2052 934 2092 haec
967 2051 1114 2091 verba:
1147 2050 1384 2093 κείσεσθον
1414 2045 1556 2107 ὥσπερ
1585 2050 1727 2103 πηνιῖω

264 2122 503 2175 κινουμένω
534 2118 704 2175 (Suidas
735 2120 979 2174 βινουμένω
1005 2120 1127 2173 legit)
1150 2134 1205 2160 ex
1224 2119 1513 2173 Aristophanis
1536 2119 1725 2174 Nubibus

264 2188 440 2246 sumpta,
487 2204 593 2245 quae
641 2190 893 2243 significant:
937 2190 1126 2244 jacebitis
1168 2189 1286 2230 sicuti
1327 2189 1406 2230 duo
1446 2190 1609 2241 culices,
1655 2190 1725 2244 qui

263 2264 425 2312 coeunt,
443 2262 666 2315 adjicitque
683 2261 874 2302 Photius:
893 2257 1079 2303 σκώπτει
1093 2256 1177 2318 γὰρ
1197 2255 1299 2310 τοὺς
1313 2260 1410 2317 περὶ
1426 2259 1724 2318 Χαιρεφῶντα

264 2328 306 2384 (i.
340 2345 373 2372 e.
408 2329 667 2386 Socraticos).

377 2400 496 2447 Quae
527 2401 784 2455 antiquitatis
815 2400 1049 2440 testimonia
1070 2400 1104 2440 si
1124 2414 1207 2441 una
1227 2399 1592 2453 comprehensione
1613 2412 1721 2440 com-

260 2471 412 2523 plexus
443 2471 538 2521 eris,
579 2470 772 2524 quoniam
810 2469 862 2510 ad
902 2469 1058 2522 priores
1089 2469 1233 2511 Nubes
1273 2469 1720 2524 spectaretraduntur,

259 2540 301 2580 in
333 2541 423 2581 istis
462 2552 555 2580 cum
588 2538 906 2593 Ohaerephonti‚
949 2542 1036 2580 tum
1075 2553 1175 2581 vero
1207 2539 1366 2581 Socrati
1403 2553 1566 2594 quoque
1597 2540 1717 2581 facile

258 2610 442 2664 reperies
483 2610 691 2663 objectum
732 2622 823 2650 esse
864 2610 1031 2650 foedum
1071 2623 1291 2664 puerorum
1333 2623 1525 2651 amorem.
1563 2608 1717 2657 'Quod

259 2681 426 2731 crimen,
459 2694 538 2734 quo
570 2681 645 2721 vix
675 2680 806 2720 ullum
835 2680 957 2721 hodie
988 2681 1165 2721 atrocius
1195 2683 1375 2735 putatur,
1409 2680 1486 2722 etsi
1512 2680 1594 2721 illis
1617 2683 1717 2722 tem-

257 2752 425 2804 poribus
456 2752 560 2791 adeo
591 2751 700 2791 omni
733 2751 955 2809 acerbitate
987 2754 1110 2804 atque
1142 2752 1290 2805 injuria
1320 2751 1497 2801 carebat,
1534 2753 1579 2791 ut
1608 2752 1717 2805 apud
