1870 3066
205 160 271 211 1'6

202 303 427 344 acerrimus
459 304 585 356 atque
615 304 985 357 pertinacissimus,
1025 305 1084 348 ita
1119 306 1165 348 ,111
1201 313 1300 350 ‘cum
1328 306 1528 360 sophistis
1546 306 1673 352 :nihil

201 386 419 414 commune
440 372 613 413 haberet
634 386 711 413 nec
731 374 866 414 ullum
886 374 995 416 diem
1026 374 1390 429 praetermitteret,
1421 375 1521 429 quin
1542 387 1672 421 vanos

199 443 296 483 illos
325 442 515 483 homines
545 442 745 496 inanique
780 443 832 483 de
873 456 920 484 se
960 443 1151 497 opinione
1185 444 1350 488 inflatos
1390 444 1671 492 acerbissimis

201 511 341 553 verbis
386 511 689 566 aggrederetur
730 513 1033 566 superatosque
1084 516 1377 566 prosterneret.
1458 512 1672 562 Quantum

199 582 329 622 distat
350 580 544 622 Socrates
565 580 897 635 Aristophaneus
919 594 945 621 a
963 594 1064 624 vero
1085 595 1380 635 germanoque,
1408 585 1455 623 ut
1476 566 1671 630 Schilisri

198 651 331 693 nostri
375 650 517 692 verbis
563 651 624 692 uti
669 650 890 706 possimus,
937 664 1033 695 eum
1075 651 1180 694 nihil
1224 652 1338 696 aliud
1382 651 1426 698 in
1464 652 1537 693 illo
1577 663 1668 706 per-

199 721 407 774 spexisse,
439 720 521 770 nisi
1544 704 1550 713 ’

482 788 583 831 Wie
614 803 660 830 er
689 791 894 844 rauspert,
925 789 1013 830 und
1042 789 1123 832 wie
1154 802 1199 831 er
1228 790 1393 846 spuckt,

480 859 567 899 Das
598 859 702 898 habt
730 859 796 898 ihr
825 859 911 899 ihm
942 859 1157 911 gliicklich
1188 859 1438 912 abgeguckt.

198 928 312 977 Quid
341 928 503 980 mirum,
546 928 582 970 si
610 927 765 980 fabula,
807 940 901 971 cum
932 928 1161 981 doceretur,
1201 928 1345 971 solitos
1384 929 1667 984 exspectatos-

198 1013 281 1053 que
310 1000 484 1053 plausus
514 1012 597 1038 non
633 1001 831 1040 assecuta·
861 1001 905 1039 et
939 1001 1065 1052 poeta
1096 999 1184 1050 jam
1214 999 1395 1051 plurium
1434 1000 1666 1053 palmarum

197 1082 223 1111 a
252 1067 592 1122 competitoribus
613 1068 836 1122 superatus
866 1068 953 1109 est?
998 1067 1183 1121 Populus
1215 1067 1325 1113 enim
1346 1066 1666 1126 Atheniensium

195 1152 279 1179 non
310 1149 556 1191 germanum
596 1137 676 1176 sibi
706 1136 869 1177 ostendi
901 1135 1114 1178 Socratem
1145 1137 1260 1177 ratus
1298 1149 1347 1178 ac
1375 1137 1567 1181 fortassis
1605 1137 1665 1177 in-

197 1206 406 1260 dignatus,
452 1205 563 1259 quod
609 1217 830 1259 personam
876 1205 980 1259 ejus,
1027 1219 1150 1259 quem
1182 1205 1294 1250 vitae
1338 1205 1577 1258 integritate
1623 1207 1666 1246 et

196 1289 357 1315 morum
408 1276 630 1314 sanctitate
680 1275 759 1313 sibi
808 1279 922 1314 recte
975 1275 1146 1315 vivendi
1201 1275 1313 1315 viam
1366 1275 1526 1327 praeire
1581 1287 1670 1315 nont

195 1345 447 1399 ignorarent,
493 1342 846 1384 criminationibus
887 1343 1186 1384 contaminaret
1225 1342 1471 1394 falsissimis,
1518 1344 1663 1397 poetae
1694 1379 1696 1381 .

195 1428 273 1455 nec
313 1415 469 1468 primas
507 1426 584 1453 nec
622 1414 826 1453 secundas
865 1413 1026 1455 detulit.
1087 1412 1169 1459 Qui
1210 1413 1378 1465 quidem
1424 1425 1517 1453 cum
1557 1412 1665 1454 hanc

195 1483 451 1526 comoediam
481 1495 649 1523 suarum
689 1482 886 1536 optimam
921 1482 1094 1523 haberet
1132 1495 1180 1523 ac
1219 1482 1402 1523 maxime
1433 1494 1661 1536 operosam,

194 1567 247 1593 ne
277 1565 447 1606 operam
477 1552 686 1605 perderet,
722 1552 940 1592 consilium
971 1553 1083 1605 cepit
1113 1565 1204 1592 eam
1234 1551 1497 1601 retractandi,
1536 1564 1662 1604 quam

195 1622 247 1663 ob
288 1634 378 1662 rem
417 1620 462 1662 in
501 1620 696 1661 secundis
726 1618 917 1661 Nubibus
957 1633 1031 1674 pro
1063 1620 1233 1662 Socrate
1264 1619 1508 1666 Sermonem
1545 1620 1660 1673 Inju-

194 1695 308 1733 stum.
338 1692 381 1731 et
411 1689 581 1730 Justum
611 1688 902 1743 Phidippidem
932 1690 1128 1731 docentes
1158 1690 1391 1734 introducit.
1450 1688 1546 1731 Jam
1575 1701 1676 1734 ma·-

189 1763 328 1816 jorum
350 1763 393 1802 et
407 1760 684 1800 recentiorum
704 1758 919 1800 hominum
939 1772 1076 1801 mores
1092 1760 1201 1801 inter
1221 1759 1599 1816 sepelegantissime
1619 1760 1663 1799 et

191 1830 444 1871 facetissime
465 1829 518 1870 ab
542 1830 592 1870 iis
614 1827 953 1883 comparantur,⁵)
984 1832 1136 1881 tamen,
1168 1830 1363 1882 quoniam
1393 1829 1483 1883 ipse
1510 1830 1660 1882 poetae

192 1912 293 1942 suae
323 1899 471 1941 aetatis
502 1898 695 1939 alumnus
727 1899 793 1938 est
824 1909 872 1938 ac
890 1897 956 1939 vir
976 1911 1075 1939 vere
1098 1898 1377 1949 Atheniensis,
1409 1898 1661 1952 ubicumque

192 1972 310 2010 actae
340 1970 490 2010 aetatis
520 1971 564 2008 et
592 1981 693 2008 suae
734 1981 873 2008 rerum
903 1982 1148 2023 morumque
1179 1969 1388 2010 delectum
1417 1968 1555 2019 habet,
1597 1981 1659 2008 so-

192 2038 395 2093 phisticae
415 2037 625 2079 doctrinae
647 2049 850 2078 summam
872 2038 1002 2079 oculis
1031 2038 1277 2092 perlustrari
1298 2038 1397 2079 sinit
1427 2040 1470 2079 et
1498 2050 1659 2079 morum

192 2109 515 2162 depravatorum
555 2107 713 2147 fontem
751 2107 999 2160 primoribus
1036 2110 1198 2149 tantum
1233 2107 1362 2149 labris
1392 2108 1561 2160 attingit
1590 2108 1659 2159 (cf.

191 2177 327 2228 Kock,
352 2169 447 2217 *die
496 2174 647 2218 Gotter
695 2176 770 2216 des
814 2175 1158 2229 Volksglaubens
1208 2176 1294 2217 u'nd
1343 2176 1658 2231 Aristophanes,

189 2246 375 2300 Leipzig,
415 2248 540 2296 1857,
576 2257 661 2299 pag·
691 2248 746 2287 76
783 2258 918 2298 seqq.;
966 2245 1245 2298 Nagelsbach,
1291 2246 1658 2291 nachhomerische

190 2315 432 2369 Theologie,
485 2313 723 2367 Niirnberg‚
772 2315 897 2365 1856,
938 2327 1033 2368 pag.
1076 2318 1160 2357 471
1208 2328 1346 2368 001111.;
1399 2313 1657 2368 Schwegler,

189 2384 342 2427 Gesch.
373 2385 450 2426 der
478 2384 758 2438 Philosophia,
797 2382 1018 2439 Stuttgart,
1053 2387 1177 2436 1863,
1209 2397 1302 2440 pag.
1335 2385 1418 2435 30.)

305 2454 533 2509 Postquam
570 2454 698 2507 igitur
733 2454 786 2494 ad
828 2466 920 2494 eam
960 2465 1085 2507 quam
1124 2454 1445 2498 memoravimus
1471 2453 1658 2513 *fabulae

188 2526 525 2568 retractationem
564 2524 748 2565 animum
779 2523 969 2574 attendit,
1008 2523 1099 2566 fieri
1129 2538 1211 2566 11011
1251 2523 1398 2578 potuit,
1438 2523 1538 2577 quin
1567 2536 1657 2568 um-

305 2685 340 2729 ⁵)
375 2682 514 2719 Alfred
539 2683 585 2718 de
610 2682 779 2718 Mussct.
819 2682 925 2718 G'est
955 2682 992 2718 la
1022 2682 1110 2728 plus
1142 2693 1261 2729 grave
1294 2686 1334 2718 et
1364 2682 1402 2718 la
1430 2681 1518 2727 plus
1542 2681 1655 2718 noble

187 2741 300 2778 scene
326 2750 400 2787 que
422 2740 561 2786 jamais
585 2741 738 2782 theatra
765 2740 821 2776 ait
845 2741 1035 2777 entendue
1060 2741 1177 2786 (137).
