1870 3066
1649 146 1680 195 7

214 288 385 330 fudisse.
446 285 551 326 Mihi
590 284 758 338 quidem
800 285 992 336 editores,
1039 285 1287 339 quicumque
1329 286 1437 336 sunt,
1481 299 1504 326 e
1533 285 1676 340 primis

217 357 407 398 Nubibus
440 353 640 407 quidquid
680 355 732 395 ab
774 341 1049 408 Aristophane
1091 368 1172 395 non
1213 358 1303 395 erat
1333 356 1572 396 damnatum
1605 358 1676 396 aut

214 419 357 480 aperte
386 423 601 478 pugnabat
620 435 713 463 cum
734 423 864 474 novis,
897 424 1173 478 assumpsisse
1194 424 1400 476 videntur,
1433 438 1481 466 eo
1505 425 1674 466 consilio

214 495 290 546 usi,
332 495 378 534 ut
416 480 671 547 posteriores*
705 492 796 533 sine
835 493 1018 534 maxima
1059 493 1284 535 offensione
1315 495 1399 548 legi
1430 497 1603 549 possent
1633 498 1675 536 et

213 564 363 617 aliquo¹
384 564 524 604 tamen
555 562 677 603 modo
707 562 923 604 absolutae
953 576 1046 603 esse
1067 563 1317 604 viderentur.
1355 561 1424 617 (cf.
1447 564 1673 615 Fritzsche,

213 634 264 675 de
294 633 374 673 fab.
406 636 502 672 retr.
534 632 624 683 LV„
655 634 695 672 4.
756 630 926 678 Quaest.
957 626 1165 685 Aristoph.
1196 645 1289 685 pag.
1323 634 1434 683 190.)

328 701 490 751 Restat,
521 702 568 740 ut
597 700 738 753 paqcis
779 700 831 740 de
867 700 1005 740 verbis
1036 700 1202 753 septimi
1231 702 1464 753 argumenti
1494 702 1672 742 auctoris

211 773 430 824 loquamur
467 767 642 820 ,ῥηταὶ
672 767 717 811 δὲ
749 770 961 827 φέρονται
990 768 1229 827 Νε(ρέλαι.“
1300 769 1422 809 Multi
1453 772 1671 824 utramque

209 842 332 882 istam
363 838 546 880 Nubium
567 839 850 880 recensionem
870 852 952 880 non
975 839 1171 880 videntur
1190 839 1232 879 in
1253 838 1442 879 manibus
1463 839 1669 880 habuisse.

210 896 281 951 Ei<
320 908 460 950 verbis
500 908 686 949 Platonis
727 905 788 962 (in
827 907 947 962 Apol.
980 908 1063 949 ΙΙΙ.
1098 905 1162 961 C.)
1194 908 1364 959 ,,ταῦτα
1394 902 1479 965 γὰρ
1509 908 1668 966 ἑωρᾶτε

208 979 282 1021 καὶ
315 974 446 1020 αὐτοὶ
485 979 532 1020 ὲν
573 977 626 1037 τῇ
652 973 999 1036 Ἀριστοφάνους
1038 976 1257 1032 κωμῳδίᾳ,
1298 973 1522 1034 Σωκράτη
1569 972 1671 1020 τινὰ

208 1050 294 1089 ἐκεῖ
307 1041 665 1105 περιφερόμενον,
681 1042 915 1104 φάσκοντα
930 1061 974 1088 τε
991 1043 1251 1103 ἀεροβατεῖν
1266 1047 1338 1088 καὶ
1354 1041 1493 1098 ἄλλην
1503 1041 1670 1098 πολλὴν

202 1116 431 1175 ’φλυαρίαν
469 1115 792 1173 φλυαροῦνταιί,
832 1115 1007 1169 aliisque
1046 1116 1159 1166 locis,
1194 1128 1303 1168 ,quos
1344 1115 1453 1168 apud
1492 1116 1669 1155 eundem

208 1199 256 1227 ac
276 1185 600 1239 Xenophontem
629 1184 876 1235 invenimus,
912 1199 983 1226 eos
1007 1184 1191 1226 Nubium
1217 1185 1470 1226 comoediam
1503 1186 1669 1227 novisse

206 1256 390 1309 apparet,
428 1255 634 1295 nescimus
676 1257 828 1305 tamen,
874 1258 1012 1295 utrum
1051 1255 1120 1295 isti
1159 1254 1381 1307 scriptores
1422 1255 1576 1308 primas
1615 1268 1668 1296 an

206 1324 408 1366 secundas
440 1323 685 1378 significent.
746 1323 993 1379 (Fritzsche‚
1027 1324 1116 1376 IV„
1147 1321 1205 1378 9.)
1267 1323 1322 1366 At
1353 1324 1520 1378 plurimi
1558 1325 1666 1367 criti-

204 1407 346 1435 corum
384 1395 427 1435 in
452 1395 585 1447 iisque
618 1392 898 1434 Callimachus
935 1408 1071 1447 neque
1108 1395 1300 1434 viderant
1336 1395 1489 1447 primas
1523 1394 1666 1435 Nubes

203 1477 340 1518 neque
370 1476 441 1505 eas
472 1476 565 1504 cum
595 1463 787 1504 secundis
825 1466 1179 1517 comparaverant,
1219 1463 1330 1517 quod
1371 1463 1581 1517 colligitur
1611 1477 1666 1505 ex

205 1533 382 1574 Scholiis
423 1532 604 1573 Nubium
647 1534 741 1574 552.
798 1530 1129 1590 Ἐρατοσθένης
1159 1532 1204 1573 δέ
1237 1545 1347 1588 φησι
1376 1531 1668 1588 Καλλίμαχον

203 1602 399 1658 ἐγκαλεῖν
430 1606 529 1652 ταῖς
557 1600 859 1652 διδασκαλίαις
887 1598 958 1645 ὅτι
988 1603 1196 1661 φέρουσιν
1217 1597 1400 1659 ὕστερον
1420 1602 1556 1661 τρίτῳ
1582 1597 1668 1645 ἔτει

202 1668 282 1715 τὸν
317 1672 532 1729 Μαρικᾶν
578 1673 666 1715 τῶν
704 1672 926 1731 Νεφελῶν,
975 1672 1128 1729 σαφῶς
1180 1672 1388 1714 ἐνταῦθα
1436 1675 1668 1730 εἰρημένου

200 1737 271 1784 ὅτι
300 1737 515 1800 πρότερον
545 1742 767 1784 καθεῖται.
828 1736 1073 1784 Λανθάνει
1102 1735 1282 1784 δαὺτὸν
1301 1736 1373 1783 ὅτι
1394 1744 1440 1783 ἐν
1460 1741 1545 1796 μὲν
1568 1746 1667 1791 ταῖς

200 1810 511 1866 ὃιδαχθείσαις
550 1808 676 1853 οὐδὲν
716 1812 919 1853 τοιοῦτον
958 1809 1139 1867 εἴρηκεν,
1181 1814 1228 1852 ὲν
1268 1810 1314 1852 δὲ
1356 1814 1453 1860 ταῖς
1483 1807 1666 1867 ὕστερον

188 1879 617 1930 «ὄιασκευασθείσαις
647 1882 683 1922 εὶ
712 1880 895 1936 λέγεται,
927 1876 1053 1923 οὐδὲν
1086 1875 1267 1924 ἄτοπον.
1329 1880 1532 1922 Viderant
1563 1880 1665 1922 Era-

200 1952 427 2003 tosthenes,
473 1950 695 2002 Nicander,
742 1951 984 1992 Athenaeus
1027 1954 1069 1992 et
1108 1952 1220 1992 sexti
1258 1952 1494 2005 argumenti
1524 1955 1666 2003 auctor

200 2018 275 2073 (,cf.-
301 2020 527 2071 Fritzsche,
570 2019 658 2070 IV„
682 2022 716 2061 .5
756 2034 892 2074 seqq.;
940 2022 1037 2061 vide
1084 2022 1209 2062 etiam
1249 2021 1422 2073 Teuffel,
1453 2022 1663 2076 Aristoph.

200 2089 388 2131 Wolken
417 2102 511 2143 pag.
544 2086 632 2143 22),
675 2090 745 2142 qui
776 2090 946 2131 fuerunt
975 2091 1095 2131 tertio
1128 2092 1293 2132 saeculo
1326 2094 1420 2145 post
1451 2090 1663 2133 Christum

199 2159 364 2208 natum3
397 2159 494 2199 inde
525 2172 579 2199 ex
602 2172 650 2200 eo
673 2161 857 2213 tempore
878 2160 1035 2213 primae
1057 2158 1203 2200 Nubes
1225 2159 1326 2200 mihi
1347 2160 1390 2200 in
1410 2160 1663 2201 oblivionem

197 2227 335 2287 abisse
366 2228 572 2280 videntur,
613 2228 730 2269 nulla
769 2241 911 2269 earum
951 2229 1061 2282 apud
1092 2229 1312 2282 scriptores
1344 2228 1522 2282 amplius
1553 2229 1663 2269 facta

198 2297 418 2339 mentione.
444 2320 447 2323 Δ
484 2295 567 2338 Sed
598 2297 702 2338 haec
731 2297 943 2339 hactenus.
977 2322 1032 2327 —-

299 2472 302 2474 .
336 2434 631 2482 Quaerendum
651 2449 761 2477 nunc
781 2438 856 2488 est,
879 2436 989 2490 quod
1009 2436 1052 2476 in
1074 2436 1293 2477 scribenda
1314 2435 1497 2477 Nubium
1519 2436 1662 2477 fabula

195 2505 413 2546 eonsilium
442 2509 609 2547 secutus
640 2506 695 2546 sit
715 2505 1025 2560 Aristophanes.
1076 2506 1228 2547 Mirum
1258 2520 1340 2547 non
1371 2507 1462 2546 erat
1481 2509 1659 2559 poetam,

194 2586 289 2615 cum
318 2577 432 2627 esset
459 2576 526 2617 vir
556 2575 734 2630 optimus
765 2576 1006 2630 patriaeque
1036 2576 1355 2627 amantissimus,
1384 2588 1543 2616 summo
1566 2588 1659 2616 oum

193 2644 303 2685 lucto
316 2658 364 2686 ac
378 2658 566 2686 maerore
580 2646 826 2699 gliscentem
839 2646 899 2687 rei
914 2645 1104 2699 publicae
1119 2646 1256 2686 labem
1272 2658 1442 2686 cernere
1455 2647 1498 2685 et
1509 2647 1657 2686 auctae

193 2711 420 2768 lapsaeque
456 2714 635 2757 civitatis
682 2727 828 2757 causas
875 2727 1086 2769 quaerere.
1148 2713 1316 2756 Etenim
1361 2715 1469 2756 sicut
1499 2714 1658 2769 asperis
