1870 3066
1519 188 1587 238 35

133 334 183 375 ad
203 332 377 373 eundem
402 333 532 372 locum
554 329 838 386 (144—152)
853 331 1070 373 referenda
1090 332 1196 373 sunt.
1228 331 1387 379 Quodsi
1402 330 1590 372 Boeckh-

133 405 218 446 ium
267 402 385 456 sequi
428 402 639 456 placuerit,
689 403 759 456 qui
804 402 1123 457 Xenophontem
1171 400 1418 443 Convivium
1467 414 1586 441 suum

133 473 230 514 vivo
261 465 537 525 Aristophane
567 472 793 513 confecisse
830 471 1007 526 conjicit,
1047 472 1199 526 primas
1237 473 1397 512 tantum
1429 469 1585 521 Nubes,

133 541 325 583 secundis
356 543 451 595 post
478 542 651 583 mortem
681 543 827 595 poetae
858 542 992 593 editis,
1029 543 1072 583 in
1101 542 1235 583 animo
1266 541 1460 582 habuisse
1485 553 1585 580 eum

131 623 299 654 necesse
331 612 406 652 est.
466 607 709 664 (Fritzsche‚
742 611 818 663 IV,
855 608 939 666 10.)

244 681 467 734 Reliquum
498 683 562 721 est
592 681 758 722 tertium
788 681 1047 735 antiquitatis
1078 680 1369 729 testimonium,
1400 680 1508 732 quod
1542 680 1584 720 in

132 750 290 793 scholio
328 749 512 791 Parisino
549 750 702 803 legitur
738 748 808 806 (of.
848 751 973 792 etiam
1015 748 1179 791 Scholia
1216 747 1376 790 Graeca
1411 749 1464 789 ad
1496 747 1583 789 Ari-

128 821 382 875 stophanem,
414 820 476 859 ed.
498 819 747 861 Diibnerian.
769 820 884 861 Paris
908 822 1030 870 1855,
1062 820 1114 859 ad
1144 833 1182 859 v.
1212 818 1366 873 1417);
1397 819 1581 859 ibienim

127 890 284 945 legitur
314 889 576 944 proverbium
606 890 729 931 illud:
768 889 862 941 ,ῥὶς
891 888 1042 938 παῖδες
1082 890 1123 931 οἱ
1155 888 1378 946 γέροντες“
1409 887 1460 927 ab
1492 886 1581 927 Ari-

130 959 332 1014 stophane
377 972 417 1000 v,
449 961 559 1001 1417
593 956 840 1019 (Νεφέλαις
883 954 931 1013 οἱ)
971 959 1215 1012 usurpatum
1253 970 1358 997 esse.
1428 955 1583 1002 Quidni

127 1030 207 1071 iste
237 1038 383 1069 versus
415 1040 507 1068 cum
538 1028 679 1083 primis
710 1028 898 1070 Nubibus
929 1026 1291 1069 communicandus
1322 1026 1399 1066 sit?
1455 1024 1576 1065 Scho-

129 1100 251 1140 liasta
281 1099 390 1138 enim
420 1098 518 1138 licet
545 1111 681 1152 neque
702 1099 853 1153 primas
875 1111 1011 1152 neque
1032 1097 1233 1137 secundas
1254 1095 1397 1136 Nubes
1418 1095 1580 1146 viderit,

129 1168 269 1222 quidni
299 1181 387 1208 rem
417 1168 644 1221 antiquitus
675 1168 867 1209 traditam
897 1180 990 1208 cum
1019 1166 1101 1207 fide
1122 1166 1438 1220 propagaverit?
1488 1164 1581 1206 Non

131 1239 206 1288 est,
238 1236 347 1290 quod
378 1236 556 1276 dubitari
594 1236 737 1290 possit,
777 1236 901 1277 immo
932 1249 1025 1276 cum
1056 1248 1203 1275 versus
1238 1238 1346 1276 1417
1377 1234 1466 1275 sine
1496 1235 1583 1274 ulla

128 1305 382 1347 dubitatione
412 1305 568 1359 primae
594 1306 762 1347 editioni
791 1305 1064 1359 assignandus
1095 1304 1160 1355 sit,
1192 1304 1295 1345 illud
1317 1304 1504 1354 efficitur,
1536 1307 1582 1344 ut

127 1376 217 1430 ejus
262 1387 436 1415 scaenae
481 1387 641 1414 summa
675 1375 762 1428 jam
803 1375 845 1415 in
885 1375 1026 1429 primis
1066 1373 1254 1414 Nubibus
1294 1373 1502 1414 exstiterit
1539 1375 1582 1413 et

125 1445 274 1486 leviter
294 1445 454 1484 tantum
475 1445 656 1484 correcta
676 1445 719 1484 in
739 1445 940 1484 secundas
961 1443 1181 1484 transierit.
1230 1443 1579 1495 (1321—1452.)

125 1513 208 1561 Qui
239 1513 404 1567 quidem
425 1526 584 1564 versus,
624 1526 705 1554 uno
736 1516 878 1555 tenore
907 1513 1049 1567 scripti
1079 1513 1366 1566 artissimeque
1395 1512 1503 1553 inter
1532 1526 1577 1554 se

126 1583 405 1634 cohaerentes,
438 1581 720 1636 Strepsiadem
756 1584 915 1636 patrem
953 1583 1193 1622 verberibus
1234 1594 1401 1622 caesum
1439 1594 1464 1622 a
1492 1582 1593 1623 filio*

122 1653 165 1693 in
194 1665 385 1693 scaenam
415 1653 657 1706 producunt,
688 1653 758 1693 ubi
788 1665 880 1693 cum
910 1651 1100 1693 Nubibus
1131 1652 1183 1692 de
1210 1652 1412 1706 corruptis
1433 1665 1576 1705 puero-

122 1735 213 1762 rum
258 1722 468 1762 verberari
514 1725 709 1775 parentes
746 1722 871 1763 licere
910 1734 1009 1776 prae
1051 1735 1097 1762 se
1136 1722 1357 1762 ferentium
1394 1722 1577 1763 moribus

123 1791 373 1846 expostulat.
403 1790 509 1838 Quis
529 1804 610 1832 non
632 1791 709 1832 hoc
729 1791 817 1831 loco
833 1790 1066 1845 Vesparum
1082 1804 1278 1832 versuum
1294 1788 1425 1844 (1037
1442 1789 1576 1847 seqq.)

124 1861 358 1902 meminerit
396 1861 641 1914 aliquotiens
681 1863 1102 1913 commemoratorum,
1128 1861 1185 1902 -in
1215 1861 1363 1914 quibus
1394 1862 1446 1902 de
1475 1863 1575 1903 libe-

120 1943 258 1971 rorum
292 1931 375 1971 vita
404 1930 591 1971 omnibus
619 1929 789 1983 flagitiis
828 1930 979 1981 dedita,
1018 1930 1070 1970 de
1110 1931 1273 1971 sublata
1309 1930 1352 1970 in
1382 1933 1574 1984 parentes

119 2000 273 2053 pietate
303 2000 458 2053 agitur!
517 1999 646 2052 Atqui
666 1998 833 2052 Vespae
863 2012 969 2040 anno
1001 2001 1095 2053 post
1114 1999 1258 2040 Nubes
1291 2000 1434 2041 doctae
1454 2003 1571 2041 sunt:

121 2069 214 2123 quis
243 2069 370 2123 igitur
398 2069 508 2109 hunc
537 2069 673 2110 locum
702 2068 843 2123 paucis
874 2069 994 2110 modo
1015 2069 1235 2110 verborum
1256 2070 1572 2111 correctionibus

119 2140 306 2194 exceptis
336 2140 389 2180 ad
428 2139 600 2194 primam
632 2138 813 2180 Nubium
851 2139 1135 2180 recensionem
1174 2139 1381 2193 pertinere
1420 2142 1571 2194 neget?

232 2208 285 2249 In
321 2222 369 2249 eo
408 2222 578 2249 numero
619 2211 729 2261 sunt,
771 2209 806 2250 si
837 2208 1083 2249 Teuffelium
1122 2209 1240 2262 sequi
1269 2209 1382 2259 libet,
1425 2223 1570 2251 versus

119 2280 228 2319 1376
261 2280 302 2317 et
332 2291 369 2318 V.
394 2280 517 2329 1431,
546 2278 620 2319 ubi
648 2290 721 2332 pro
743 2274 1005 2335 κάπέτριβεν
1025 2279 1067 2318 in
1089 2278 1231 2332 primis
1253 2279 1392 2331 legere
1411 2281 1571 2320 mavult

116 2342 376 2401 κάπέθλιβε,
433 2347 542 2400 quod
586 2348 775 2389 nonnulli
821 2349 983 2389 codices
1028 2348 1193 2398 habent,
1239 2350 1352 2387 ratus
1395 2348 1568 2389 fluxisse

114 2416 357 2458 varietatem
398 2416 574 2457 fortasse
615 2430 638 2457 e
678 2418 849 2458 duarum
880 2417 1104 2458 editionum
1134 2416 1388 2468 diversitate,
1429 2417 1487 2457 ita
1521 2418 1568 2458 ut

114 2486 260 2539 prioris
289 2486 443 2527 fuerint
471 2486 551 2538 θλ,
586 2487 821 2540 posterioris
849 2502 916 2545 τρ,
948 2487 1057 2540 quod
1088 2486 1139 2526 ad
1167 2486 1414 2527 sententiam
1435 2487 1566 2539 magis

114 2556 256 2609 aptum
286 2569 397 2606 esse;
429 2559 517 2596 tum
546 2555 589 2597 in
619 2569 744 2597 versu
776 2560 882 2599 1431
912 2556 1136 2610 vestigium
1158 2556 1270 2596 vocis
1291 2557 1565 2613 ,,πέτευρον“,

113 2637 237 2678 quam
262 2624 305 2666 in
333 2625 537 2680 prioribus
558 2626 641 2680 legi
661 2627 838 2667 testatur
858 2626 1022 2678 Pollux,
1053 2639 1108 2666 ex
1136 2621 1242 2667 κάπὶ
1263 2625 1395 2670 πλέον
1411 2627 1565 2667 codicis

111 2692 368 2735 Ravennatis
398 2695 608 2736 invenisse
638 2696 716 2736 sibi
745 2696 920 2738 videtur.

226 2762 385 2805 Eodem
416 2764 535 2806 modo
565 2765 646 2807 huc
673 2766 829 2807 referre
859 2766 957 2807 licet
985 2778 1132 2806 versus
1155 2767 1462 2817 nae—1200,
1495 2765 1566 2819 qui
