<?xml version="1.0" encoding="UTF-8"?>
<!DOCTYPE html PUBLIC "-//W3C//DTD XHTML 1.0 Transitional//EN"
    "http://www.w3.org/TR/xhtml1/DTD/xhtml1-transitional.dtd">
<html xmlns="http://www.w3.org/1999/xhtml" xml:lang="en" lang="en">
 <head>
  <title>
</title>
<meta http-equiv="Content-Type" content="text/html;charset=utf-8" />
  <meta name='ocr-system' content='tesseract 3.04.00' />
  <meta name='ocr-capabilities' content='ocr_page ocr_carea ocr_par ocr_line ocrx_word'/>
</head>
<body>
  <div class='ocr_page' id='page_1' title='image "4737180_0025.png"; bbox 0 0 1870 3066; ppageno 0'>
   <div class='ocr_carea' id='block_1_1' title="bbox 1595 210 1656 261">
    <p class='ocr_par' dir='ltr' id='par_1_1' title="bbox 1595 210 1656 261">
     <span class='ocr_line' id='line_1_1' title="bbox 1595 210 1656 261; baseline 0.016 -1"><span class='ocrx_word' id='word_1_1' title='bbox 1595 210 1656 261; x_wconf 90' lang='grc'><strong>19</strong></span> 
     </span>
    </p>
   </div>
   <div class='ocr_carea' id='block_1_2' title="bbox 206 352 1658 1310">
    <p class='ocr_par' dir='ltr' id='par_1_2' title="bbox 206 352 1658 1310">
     <span class='ocr_line' id='line_1_2' title="bbox 213 352 1658 406; baseline -0.003 -9"><span class='ocrx_word' id='word_1_2' title='bbox 213 369 259 397; x_wconf 89' lang='lat' dir='ltr'><strong>ac</strong></span> <span class='ocrx_word' id='word_1_3' title='bbox 288 355 405 396; x_wconf 61' lang='lat' dir='ltr'><strong>velut</strong></span> <span class='ocrx_word' id='word_1_4' title='bbox 433 352 642 393; x_wconf 80' lang='lat' dir='ltr'><strong>umbratili</strong></span> <span class='ocrx_word' id='word_1_5' title='bbox 672 352 758 393; x_wconf 85' lang='lat' dir='ltr'><strong>vita</strong></span> <span class='ocrx_word' id='word_1_6' title='bbox 787 352 927 392; x_wconf 67' lang='lat' dir='ltr'><strong>instar</strong></span> <span class='ocrx_word' id='word_1_7' title='bbox 944 352 1196 405; x_wconf 88' lang='lat' dir='ltr'><strong>captivorum</strong></span> <span class='ocrx_word' id='word_1_8' title='bbox 1218 353 1281 393; x_wconf 88' lang='lat' dir='ltr'><strong>usi</strong></span> <span class='ocrx_word' id='word_1_9' title='bbox 1303 352 1550 406; x_wconf 86' lang='lat' dir='ltr'><strong>palluerunt,</strong></span> <span class='ocrx_word' id='word_1_10' title='bbox 1583 365 1658 392; x_wconf 91' lang='lat' dir='ltr'><strong>nec</strong></span> 
     </span>
     <span class='ocr_line' id='line_1_3' title="bbox 211 421 1656 479; baseline -0.004 -12"><span class='ocrx_word' id='word_1_11' title='bbox 211 425 347 479; x_wconf 84' lang='lat' dir='ltr'>frigidi</span> <span class='ocrx_word' id='word_1_12' title='bbox 378 422 483 463; x_wconf 70' lang='lat' dir='ltr'><strong>aeris</strong></span> <span class='ocrx_word' id='word_1_13' title='bbox 513 422 655 462; x_wconf 90' lang='lat' dir='ltr'><strong>flatum</strong></span> <span class='ocrx_word' id='word_1_14' title='bbox 690 423 892 461; x_wconf 87' lang='lat' dir='ltr'><strong>sustinere</strong></span> <span class='ocrx_word' id='word_1_15' title='bbox 922 425 1093 474; x_wconf 78' lang='lat' dir='ltr'>possunt</span> <span class='ocrx_word' id='word_1_16' title='bbox 1119 424 1230 472; x_wconf 79' lang='lat'><strong>(186,</strong></span> <span class='ocrx_word' id='word_1_17' title='bbox 1256 424 1362 470; x_wconf 85' lang='lat'>198).</span> <span class='ocrx_word' id='word_1_18' title='bbox 1426 421 1515 461; x_wconf 82' lang='lat' dir='ltr'><strong>Tali</strong></span> <span class='ocrx_word' id='word_1_19' title='bbox 1546 422 1656 462; x_wconf 83' lang='lat' dir='ltr'><strong>vitae</strong></span> 
     </span>
     <span class='ocr_line' id='line_1_4' title="bbox 212 490 1658 547; baseline -0.003 -12"><span class='ocrx_word' id='word_1_20' title='bbox 212 492 424 547; x_wconf 83' lang='lat' dir='ltr'>degendae</span> <span class='ocrx_word' id='word_1_21' title='bbox 454 491 623 538; x_wconf 85' lang='lat' dir='ltr'><strong>ratione,</strong></span> <span class='ocrx_word' id='word_1_22' title='bbox 670 490 910 544; x_wconf 88' lang='lat' dir='ltr'><strong>praesertim</strong></span> <span class='ocrx_word' id='word_1_23' title='bbox 951 502 1042 529; x_wconf 94' lang='lat' dir='ltr'><strong>cum</strong></span> <span class='ocrx_word' id='word_1_24' title='bbox 1080 503 1221 530; x_wconf 90' lang='lat' dir='ltr'><strong>omnes</strong></span> <span class='ocrx_word' id='word_1_25' title='bbox 1260 491 1446 544; x_wconf 78' lang='lat' dir='ltr'><strong>magistri</strong></span> <span class='ocrx_word' id='word_1_26' title='bbox 1483 491 1658 545; x_wconf 86' lang='lat' dir='ltr'><strong>discipu-</strong></span> 
     </span>
     <span class='ocr_line' id='line_1_5' title="bbox 211 558 1654 615; baseline -0.003 -10"><span class='ocrx_word' id='word_1_27' title='bbox 211 567 424 615; x_wconf 88' lang='lat' dir='ltr'><strong>lorumque</strong></span> <span class='ocrx_word' id='word_1_28' title='bbox 464 560 732 613; x_wconf 87' lang='lat' dir='ltr'><strong>cogitationes</strong></span> <span class='ocrx_word' id='word_1_29' title='bbox 771 559 813 599; x_wconf 89' lang='lat' dir='ltr'><strong>in</strong></span> <span class='ocrx_word' id='word_1_30' title='bbox 853 560 974 612; x_wconf 88' lang='lat' dir='ltr'><strong>nugis</strong></span> <span class='ocrx_word' id='word_1_31' title='bbox 1012 560 1258 613; x_wconf 87' lang='lat' dir='ltr'><strong>ineptiisque</strong></span> <span class='ocrx_word' id='word_1_32' title='bbox 1298 558 1414 615; x_wconf 87' lang='lat'><strong>(145,</strong></span> <span class='ocrx_word' id='word_1_33' title='bbox 1449 563 1543 611; x_wconf 84' lang='lat'><strong>157,</strong></span> <span class='ocrx_word' id='word_1_34' title='bbox 1578 564 1654 601; x_wconf 84' lang='lat'><strong>171</strong></span> 
     </span>
     <span class='ocr_line' id='line_1_6' title="bbox 210 628 1657 687; baseline -0.003 -13"><span class='ocrx_word' id='word_1_35' title='bbox 210 630 303 687; x_wconf 90' lang='lat' dir='ltr'><strong>etc.)</strong></span> <span class='ocrx_word' id='word_1_36' title='bbox 325 630 642 678; x_wconf 88' lang='lat' dir='ltr'><strong>continerentur,</strong></span> <span class='ocrx_word' id='word_1_37' title='bbox 673 632 852 669; x_wconf 90' lang='lat' dir='ltr'><strong>mentem</strong></span> <span class='ocrx_word' id='word_1_38' title='bbox 875 628 964 668; x_wconf 89' lang='lat' dir='ltr'><strong>acui</strong></span> <span class='ocrx_word' id='word_1_39' title='bbox 984 641 1106 681; x_wconf 89' lang='lat' dir='ltr'><strong>posse</strong></span> <span class='ocrx_word' id='word_1_40' title='bbox 1126 631 1248 683; x_wconf 83' lang='lat' dir='ltr'><strong>poeta</strong></span> <span class='ocrx_word' id='word_1_41' title='bbox 1268 630 1451 683; x_wconf 88' lang='lat' dir='ltr'><strong>negavit.</strong></span> <span class='ocrx_word' id='word_1_42' title='bbox 1502 629 1657 683; x_wconf 79' lang='lat' dir='ltr'><strong>Ecquis</strong></span> 
     </span>
     <span class='ocr_line' id='line_1_7' title="bbox 209 697 1656 752; baseline -0.003 -9"><span class='ocrx_word' id='word_1_43' title='bbox 209 702 361 744; x_wconf 75' lang='lat' dir='ltr'><strong>dixerit</strong></span> <span class='ocrx_word' id='word_1_44' title='bbox 399 712 542 741; x_wconf 89' lang='lat' dir='ltr'><strong>veram</strong></span> <span class='ocrx_word' id='word_1_45' title='bbox 581 699 647 739; x_wconf 90' lang='lat' dir='ltr'><strong>hic</strong></span> <span class='ocrx_word' id='word_1_46' title='bbox 679 697 857 739; x_wconf 85' lang='lat' dir='ltr'><strong>Socratis</strong></span> <span class='ocrx_word' id='word_1_47' title='bbox 894 698 1114 751; x_wconf 86' lang='lat' dir='ltr'><strong>imaginem</strong></span> <span class='ocrx_word' id='word_1_48' title='bbox 1153 699 1271 739; x_wconf 90' lang='lat' dir='ltr'><strong>nobis</strong></span> <span class='ocrx_word' id='word_1_49' title='bbox 1317 698 1471 752; x_wconf 83' lang='lat' dir='ltr'><strong>objici‘?</strong></span> <span class='ocrx_word' id='word_1_50' title='bbox 1532 698 1656 740; x_wconf 85' lang='lat' dir='ltr'><strong>Certe</strong></span> 
     </span>
     <span class='ocr_line' id='line_1_8' title="bbox 207 766 1651 821; baseline -0.002 -9"><span class='ocrx_word' id='word_1_51' title='bbox 207 784 338 812; x_wconf 89' lang='lat' dir='ltr'><strong>nemo.</strong></span> <span class='ocrx_word' id='word_1_52' title='bbox 430 767 596 809; x_wconf 88' lang='lat' dir='ltr'><strong>Etenim</strong></span> <span class='ocrx_word' id='word_1_53' title='bbox 635 766 839 808; x_wconf 55' lang='lat' dir='ltr'><strong>‘Socrates</strong></span> <span class='ocrx_word' id='word_1_54' title='bbox 884 779 975 807; x_wconf 90' lang='lat' dir='ltr'><strong>cum</strong></span> <span class='ocrx_word' id='word_1_55' title='bbox 1035 767 1113 807; x_wconf 87' lang='lat' dir='ltr'><strong>sibi</strong></span> <span class='ocrx_word' id='word_1_56' title='bbox 1167 767 1440 821; x_wconf 88' lang='lat' dir='ltr'><strong>persuasisset</strong></span> <span class='ocrx_word' id='word_1_57' title='bbox 1490 782 1651 809; x_wconf 89' lang='lat' dir='ltr'><strong>omnem</strong></span> 
     </span>
     <span class='ocr_line' id='line_1_9' title="bbox 208 838 1654 892; baseline -0.001 -11"><span class='ocrx_word' id='word_1_58' title='bbox 208 854 349 882; x_wconf 88' lang='lat' dir='ltr'><strong>veram</strong></span> <span class='ocrx_word' id='word_1_59' title='bbox 378 853 514 879; x_wconf 88' lang='lat' dir='ltr'><strong>rerum</strong></span> <span class='ocrx_word' id='word_1_60' title='bbox 546 838 819 891; x_wconf 80' lang='lat' dir='ltr'><strong>cognitionem</strong></span> <span class='ocrx_word' id='word_1_61' title='bbox 850 848 874 877; x_wconf 90' lang='lat' dir='ltr'><strong>a</strong></span> <span class='ocrx_word' id='word_1_62' title='bbox 904 838 992 877; x_wconf 86' lang='lat' dir='ltr'><strong>sola</strong></span> <span class='ocrx_word' id='word_1_63' title='bbox 1021 839 1158 878; x_wconf 86' lang='lat' dir='ltr'><strong>mente</strong></span> <span class='ocrx_word' id='word_1_64' title='bbox 1191 840 1231 878; x_wconf 89' lang='lat' dir='ltr'><strong>et</strong></span> <span class='ocrx_word' id='word_1_65' title='bbox 1262 838 1509 891; x_wconf 80' lang='lat' dir='ltr'><strong>cogitatione</strong></span> <span class='ocrx_word' id='word_1_66' title='bbox 1539 852 1654 892; x_wconf 87' lang='lat' dir='ltr'><strong>repe-</strong></span> 
     </span>
     <span class='ocr_line' id='line_1_10' title="bbox 207 906 1655 962; baseline -0.002 -11"><span class='ocrx_word' id='word_1_67' title='bbox 207 911 372 951; x_wconf 88' lang='lat' dir='ltr'><strong>tendam</strong></span> <span class='ocrx_word' id='word_1_68' title='bbox 414 921 518 960; x_wconf 85' lang='lat' dir='ltr'><strong>esse,</strong></span> <span class='ocrx_word' id='word_1_69' title='bbox 560 909 601 948; x_wconf 90' lang='lat' dir='ltr'><strong>et</strong></span> <span class='ocrx_word' id='word_1_70' title='bbox 640 906 837 961; x_wconf 88' lang='lat' dir='ltr'><strong>quidquid</strong></span> <span class='ocrx_word' id='word_1_71' title='bbox 875 918 1019 946; x_wconf 85' lang='lat' dir='ltr'><strong>verum</strong></span> <span class='ocrx_word' id='word_1_72' title='bbox 1063 909 1185 959; x_wconf 89' lang='lat' dir='ltr'><strong>esset,</strong></span> <span class='ocrx_word' id='word_1_73' title='bbox 1226 907 1267 948; x_wconf 88' lang='lat' dir='ltr'><strong>id</strong></span> <span class='ocrx_word' id='word_1_74' title='bbox 1307 920 1435 948; x_wconf 90' lang='lat' dir='ltr'><strong>unum</strong></span> <span class='ocrx_word' id='word_1_75' title='bbox 1465 908 1655 962; x_wconf 86' lang='lat' dir='ltr'><strong>idemque</strong></span> 
     </span>
     <span class='ocr_line' id='line_1_11' title="bbox 208 977 1657 1032; baseline -0.002 -11"><span class='ocrx_word' id='word_1_76' title='bbox 208 994 298 1021; x_wconf 89' lang='lat' dir='ltr'><strong>esse</strong></span> <span class='ocrx_word' id='word_1_77' title='bbox 337 980 378 1020; x_wconf 92' lang='lat' dir='ltr'><strong>in</strong></span> <span class='ocrx_word' id='word_1_78' title='bbox 420 992 549 1032; x_wconf 89' lang='lat' dir='ltr'><strong>eoque</strong></span> <span class='ocrx_word' id='word_1_79' title='bbox 590 991 731 1018; x_wconf 91' lang='lat' dir='ltr'><strong>omnes</strong></span> <span class='ocrx_word' id='word_1_80' title='bbox 769 977 954 1017; x_wconf 88' lang='lat' dir='ltr'><strong>homines</strong></span> <span class='ocrx_word' id='word_1_81' title='bbox 996 978 1226 1017; x_wconf 86' lang='lat' dir='ltr'><strong>consentire</strong></span> <span class='ocrx_word' id='word_1_82' title='bbox 1265 990 1437 1017; x_wconf 89' lang='lat' dir='ltr'><strong>necesse</strong></span> <span class='ocrx_word' id='word_1_83' title='bbox 1475 992 1567 1018; x_wconf 89' lang='lat' dir='ltr'><strong>esse</strong></span> <span class='ocrx_word' id='word_1_84' title='bbox 1598 980 1657 1018; x_wconf 91' lang='lat' dir='ltr'><strong>in-</strong></span> 
     </span>
     <span class='ocr_line' id='line_1_12' title="bbox 207 1045 1655 1100; baseline -0.001 -12"><span class='ocrx_word' id='word_1_85' title='bbox 207 1048 451 1097; x_wconf 88' lang='lat' dir='ltr'><strong>tellexisset,</strong></span> <span class='ocrx_word' id='word_1_86' title='bbox 473 1048 532 1087; x_wconf 91' lang='lat' dir='ltr'><strong>sic</strong></span> <span class='ocrx_word' id='word_1_87' title='bbox 552 1059 644 1086; x_wconf 91' lang='lat' dir='ltr'><strong>cum</strong></span> <span class='ocrx_word' id='word_1_88' title='bbox 665 1046 945 1099; x_wconf 88' lang='lat' dir='ltr'><strong>cujuscunque</strong></span> <span class='ocrx_word' id='word_1_89' title='bbox 965 1045 1129 1097; x_wconf 88' lang='lat' dir='ltr'><strong>generis</strong></span> <span class='ocrx_word' id='word_1_90' title='bbox 1152 1046 1383 1086; x_wconf 87' lang='lat' dir='ltr'><strong>hominibus</strong></span> <span class='ocrx_word' id='word_1_91' title='bbox 1407 1046 1655 1100; x_wconf 87' lang='lat' dir='ltr'><strong>disputabat,</strong></span> 
     </span>
     <span class='ocr_line' id='line_1_13' title="bbox 206 1114 1658 1171; baseline -0.001 -14"><span class='ocrx_word' id='word_1_92' title='bbox 206 1119 263 1168; x_wconf 89' lang='lat' dir='ltr'><strong>ut,</strong></span> <span class='ocrx_word' id='word_1_93' title='bbox 295 1117 403 1171; x_wconf 91' lang='lat' dir='ltr'><strong>quod</strong></span> <span class='ocrx_word' id='word_1_94' title='bbox 433 1116 522 1170; x_wconf 90' lang='lat' dir='ltr'><strong>ipse</strong></span> <span class='ocrx_word' id='word_1_95' title='bbox 543 1129 615 1170; x_wconf 91' lang='lat' dir='ltr'><strong>pro</strong></span> <span class='ocrx_word' id='word_1_96' title='bbox 637 1128 735 1156; x_wconf 90' lang='lat' dir='ltr'><strong>vero</strong></span> <span class='ocrx_word' id='word_1_97' title='bbox 768 1114 957 1165; x_wconf 89' lang='lat' dir='ltr'><strong>habebat,</strong></span> <span class='ocrx_word' id='word_1_98' title='bbox 989 1115 1037 1155; x_wconf 89' lang='lat' dir='ltr'><strong>iis</strong></span> <span class='ocrx_word' id='word_1_99' title='bbox 1070 1129 1150 1156; x_wconf 91' lang='lat' dir='ltr'><strong>non</strong></span> <span class='ocrx_word' id='word_1_100' title='bbox 1182 1116 1434 1167; x_wconf 87' lang='lat' dir='ltr'><strong>obtruderet,</strong></span> <span class='ocrx_word' id='word_1_101' title='bbox 1467 1117 1541 1156; x_wconf 90' lang='lat' dir='ltr'><strong>sed</strong></span> <span class='ocrx_word' id='word_1_102' title='bbox 1566 1130 1658 1156; x_wconf 91' lang='lat' dir='ltr'><strong>cum</strong></span> 
     </span>
     <span class='ocr_line' id='line_1_14' title="bbox 206 1184 1656 1239; baseline 0 -13"><span class='ocrx_word' id='word_1_103' title='bbox 206 1186 307 1226; x_wconf 88' lang='lat' dir='ltr'><strong>nihil</strong></span> <span class='ocrx_word' id='word_1_104' title='bbox 338 1185 563 1225; x_wconf 82' lang='lat' dir='ltr'><strong>affirmaret</strong></span> <span class='ocrx_word' id='word_1_105' title='bbox 591 1185 693 1238; x_wconf 86' lang='lat' dir='ltr'><strong>ipse,</strong></span> <span class='ocrx_word' id='word_1_106' title='bbox 725 1186 820 1239; x_wconf 87' lang='lat' dir='ltr'><strong>apte</strong></span> <span class='ocrx_word' id='word_1_107' title='bbox 851 1184 1129 1237; x_wconf 89' lang='lat' dir='ltr'><strong>concinneque</strong></span> <span class='ocrx_word' id='word_1_108' title='bbox 1150 1185 1427 1238; x_wconf 87' lang='lat' dir='ltr'><strong>percontando</strong></span> <span class='ocrx_word' id='word_1_109' title='bbox 1460 1187 1501 1226; x_wconf 88' lang='lat' dir='ltr'><strong>et</strong></span> <span class='ocrx_word' id='word_1_110' title='bbox 1532 1186 1656 1226; x_wconf 92' lang='lat' dir='ltr'><strong>inter-</strong></span> 
     </span>
     <span class='ocr_line' id='line_1_15' title="bbox 206 1245 1656 1310; baseline 0.001 -16"><span class='ocrx_word' id='word_1_111' title='bbox 206 1255 385 1309; x_wconf 88' lang='lat' dir='ltr'><strong>rogando</strong></span> <span class='ocrx_word' id='word_1_112' title='bbox 419 1256 635 1295; x_wconf 83' lang='lat' dir='ltr'><strong>veritatem</strong></span> <span class='ocrx_word' id='word_1_113' title='bbox 675 1268 697 1294; x_wconf 91' lang='lat' dir='ltr'><strong>e</strong></span> <span class='ocrx_word' id='word_1_114' title='bbox 737 1245 936 1307; x_wconf 84' lang='lat' dir='ltr'><strong>cujusque</strong></span> <span class='ocrx_word' id='word_1_115' title='bbox 975 1257 1113 1293; x_wconf 88' lang='lat' dir='ltr'><strong>mente</strong></span> <span class='ocrx_word' id='word_1_116' title='bbox 1144 1254 1292 1293; x_wconf 86' lang='lat' dir='ltr'><strong>elicere</strong></span> <span class='ocrx_word' id='word_1_117' title='bbox 1331 1255 1525 1294; x_wconf 80' lang='lat' dir='ltr'><strong>studeret.</strong></span> <span class='ocrx_word' id='word_1_118' title='bbox 1588 1252 1656 1310; x_wconf 84' lang='lat' dir='ltr'><strong>(cf.</strong></span> 
     </span>
    </p>
   </div>
   <div class='ocr_carea' id='block_1_3' title="bbox 146 1323 1660 1377">
    <p class='ocr_par' dir='ltr' id='par_1_3' title="bbox 146 1323 1660 1377">
     <span class='ocr_line' id='line_1_16' title="bbox 146 1323 1660 1377; baseline -0.001 -12"><span class='ocrx_word' id='word_1_119' title='bbox 146 1333 150 1336; x_wconf 88' lang='lat'>&#39;</span> <span class='ocrx_word' id='word_1_120' title='bbox 207 1323 360 1372; x_wconf 88' lang='lat' dir='ltr'><strong>Cicero,</strong></span> <span class='ocrx_word' id='word_1_121' title='bbox 404 1324 493 1365; x_wconf 87' lang='lat' dir='ltr'><strong>Fin.</strong></span> <span class='ocrx_word' id='word_1_122' title='bbox 527 1324 585 1376; x_wconf 91' lang='grc' dir='ltr'><strong>ΙΙ,</strong></span> <span class='ocrx_word' id='word_1_123' title='bbox 628 1327 663 1375; x_wconf 92' lang='grc'><strong>1,</strong></span> <span class='ocrx_word' id='word_1_124' title='bbox 697 1327 741 1373; x_wconf 82' lang='grc'><strong>2;</strong></span> <span class='ocrx_word' id='word_1_125' title='bbox 795 1323 918 1364; x_wconf 89' lang='lat' dir='ltr'><strong>Acad.</strong></span> <span class='ocrx_word' id='word_1_126' title='bbox 951 1323 985 1375; x_wconf 90' lang='lat' dir='ltr'><strong>I,</strong></span> <span class='ocrx_word' id='word_1_127' title='bbox 1018 1326 1056 1374; x_wconf 85' lang='lat'><strong>4,</strong></span> <span class='ocrx_word' id='word_1_128' title='bbox 1092 1325 1170 1373; x_wconf 80' lang='lat'>16.)</span> <span class='ocrx_word' id='word_1_129' title='bbox 1251 1324 1301 1364; x_wconf 89' lang='lat' dir='ltr'><strong>In</strong></span> <span class='ocrx_word' id='word_1_130' title='bbox 1343 1336 1424 1377; x_wconf 88' lang='lat' dir='ltr'><strong>qua</strong></span> <span class='ocrx_word' id='word_1_131' title='bbox 1459 1336 1504 1364; x_wconf 93' lang='lat' dir='ltr'><strong>re</strong></span> <span class='ocrx_word' id='word_1_132' title='bbox 1545 1326 1660 1365; x_wconf 88' lang='lat' dir='ltr'><strong>tanta</strong></span> 
     </span>
    </p>
   </div>
   <div class='ocr_carea' id='block_1_4' title="bbox 201 1394 1655 2074">
    <p class='ocr_par' dir='ltr' id='par_1_4' title="bbox 203 1394 1655 1724">
     <span class='ocr_line' id='line_1_17' title="bbox 204 1394 1655 1447; baseline 0 -13"><span class='ocrx_word' id='word_1_133' title='bbox 204 1395 395 1435; x_wconf 87' lang='lat' dir='ltr'><strong>utebatur</strong></span> <span class='ocrx_word' id='word_1_134' title='bbox 425 1396 525 1445; x_wconf 88' lang='lat' dir='ltr'><strong>arte,</strong></span> <span class='ocrx_word' id='word_1_135' title='bbox 557 1396 603 1434; x_wconf 90' lang='lat' dir='ltr'><strong>ut</strong></span> <span class='ocrx_word' id='word_1_136' title='bbox 633 1394 672 1444; x_wconf 92' lang='lat' dir='ltr'><strong>ii,</strong></span> <span class='ocrx_word' id='word_1_137' title='bbox 705 1394 946 1447; x_wconf 84' lang='lat' dir='ltr'><strong>quibuscum</strong></span> <span class='ocrx_word' id='word_1_138' title='bbox 974 1394 1205 1443; x_wconf 84' lang='lat' dir='ltr'><strong>dissereret,</strong></span> <span class='ocrx_word' id='word_1_139' title='bbox 1236 1394 1314 1446; x_wconf 89' lang='lat' dir='ltr'><strong>ipsi</strong></span> <span class='ocrx_word' id='word_1_140' title='bbox 1335 1407 1422 1433; x_wconf 91' lang='lat' dir='ltr'><strong>rem</strong></span> <span class='ocrx_word' id='word_1_141' title='bbox 1445 1394 1655 1434; x_wconf 85' lang='lat' dir='ltr'><strong>invenisse</strong></span> 
     </span>
     <span class='ocr_line' id='line_1_18' title="bbox 204 1456 1654 1516; baseline 0.001 -14"><span class='ocrx_word' id='word_1_142' title='bbox 204 1463 280 1504; x_wconf 84' lang='lat' dir='ltr'><strong>sibi</strong></span> <span class='ocrx_word' id='word_1_143' title='bbox 325 1456 571 1504; x_wconf 84' lang='lat' dir='ltr'><strong>viderentur.</strong></span> <span class='ocrx_word' id='word_1_144' title='bbox 647 1462 750 1503; x_wconf 86' lang='lat' dir='ltr'><strong>Puto</strong></span> <span class='ocrx_word' id='word_1_145' title='bbox 796 1462 986 1515; x_wconf 87' lang='lat' dir='ltr'><strong>equidem</strong></span> <span class='ocrx_word' id='word_1_146' title='bbox 1032 1462 1104 1502; x_wconf 87' lang='lat' dir='ltr'><strong>tali</strong></span> <span class='ocrx_word' id='word_1_147' title='bbox 1145 1463 1317 1503; x_wconf 91' lang='lat' dir='ltr'><strong>docendi</strong></span> <span class='ocrx_word' id='word_1_148' title='bbox 1355 1463 1524 1514; x_wconf 86' lang='lat' dir='ltr'><strong>ratione,</strong></span> <span class='ocrx_word' id='word_1_149' title='bbox 1573 1477 1654 1516; x_wconf 90' lang='lat' dir='ltr'><strong>qua</strong></span> 
     </span>
     <span class='ocr_line' id='line_1_19' title="bbox 203 1521 1653 1586; baseline 0.001 -14"><span class='ocrx_word' id='word_1_150' title='bbox 203 1533 467 1586; x_wconf 88' lang='lat' dir='ltr'><strong>cogitationes</strong></span> <span class='ocrx_word' id='word_1_151' title='bbox 512 1535 553 1573; x_wconf 90' lang='lat' dir='ltr'><strong>et</strong></span> <span class='ocrx_word' id='word_1_152' title='bbox 596 1532 849 1585; x_wconf 84' lang='lat' dir='ltr'><strong>cognitiones</strong></span> <span class='ocrx_word' id='word_1_153' title='bbox 895 1532 936 1573; x_wconf 91' lang='lat' dir='ltr'><strong>in</strong></span> <span class='ocrx_word' id='word_1_154' title='bbox 981 1532 1113 1573; x_wconf 87' lang='lat' dir='ltr'><strong>animo</strong></span> <span class='ocrx_word' id='word_1_155' title='bbox 1160 1521 1653 1585; x_wconf 74' lang='lat' dir='ltr'><strong>tanquamdormientes</strong></span> 
     </span>
     <span class='ocr_line' id='line_1_20' title="bbox 204 1602 1655 1656; baseline 0.001 -15"><span class='ocrx_word' id='word_1_156' title='bbox 204 1603 454 1643; x_wconf 84' lang='lat' dir='ltr'><strong>suscitentur</strong></span> <span class='ocrx_word' id='word_1_157' title='bbox 484 1617 506 1643; x_wconf 95' lang='lat' dir='ltr'><strong>e</strong></span> <span class='ocrx_word' id='word_1_158' title='bbox 537 1616 693 1654; x_wconf 89' lang='lat' dir='ltr'><strong>somno,</strong></span> <span class='ocrx_word' id='word_1_159' title='bbox 724 1602 812 1642; x_wconf 88' lang='lat' dir='ltr'><strong>fieri</strong></span> <span class='ocrx_word' id='word_1_160' title='bbox 834 1615 914 1643; x_wconf 90' lang='lat' dir='ltr'><strong>non</strong></span> <span class='ocrx_word' id='word_1_161' title='bbox 936 1615 1058 1656; x_wconf 89' lang='lat' dir='ltr'><strong>posse</strong></span> <span class='ocrx_word' id='word_1_162' title='bbox 1080 1602 1289 1655; x_wconf 85' lang='lat' dir='ltr'><strong>ingenium</strong></span> <span class='ocrx_word' id='word_1_163' title='bbox 1312 1602 1410 1655; x_wconf 89' lang='lat' dir='ltr'><strong>quin</strong></span> <span class='ocrx_word' id='word_1_164' title='bbox 1440 1604 1655 1643; x_wconf 81' lang='lat' dir='ltr'><strong>excolatur</strong></span> 
     </span>
     <span class='ocr_line' id='line_1_21' title="bbox 205 1674 539 1724; baseline 0.009 -14"><span class='ocrx_word' id='word_1_165' title='bbox 205 1674 327 1724; x_wconf 85' lang='lat' dir='ltr'><strong>atque</strong></span> <span class='ocrx_word' id='word_1_166' title='bbox 361 1674 539 1713; x_wconf 88' lang='lat' dir='ltr'><strong>acuatur.</strong></span> 
     </span>
    </p>

    <p class='ocr_par' dir='ltr' id='par_1_5' title="bbox 201 1739 1655 2074">
     <span class='ocr_line' id='line_1_22' title="bbox 245 1739 1651 1795; baseline 0.001 -14"><span class='ocrx_word' id='word_1_167' title='bbox 245 1739 248 1742; x_wconf 60' lang='grc'>“</span> <span class='ocrx_word' id='word_1_168' title='bbox 317 1741 477 1793; x_wconf 82' lang='lat' dir='ltr'><strong>Restat,</strong></span> <span class='ocrx_word' id='word_1_169' title='bbox 508 1744 562 1782; x_wconf 62' lang='lat' dir='ltr'><strong>ut*</strong></span> <span class='ocrx_word' id='word_1_170' title='bbox 583 1742 635 1783; x_wconf 88' lang='lat' dir='ltr'><strong>de</strong></span> <span class='ocrx_word' id='word_1_171' title='bbox 665 1754 878 1795; x_wconf 91' lang='lat' dir='ltr'><strong>corporum</strong></span> <span class='ocrx_word' id='word_1_172' title='bbox 909 1741 1273 1782; x_wconf 81' lang='lat' dir='ltr'><strong>exercitationibus</strong></span> <span class='ocrx_word' id='word_1_173' title='bbox 1304 1755 1435 1795; x_wconf 87' lang='lat' dir='ltr'><strong>pauca</strong></span> <span class='ocrx_word' id='word_1_174' title='bbox 1456 1743 1651 1783; x_wconf 81' lang='lat' dir='ltr'><strong>dicamus.</strong></span> 
     </span>
     <span class='ocr_line' id='line_1_23' title="bbox 204 1809 1655 1865; baseline 0.002 -16"><span class='ocrx_word' id='word_1_175' title='bbox 204 1809 392 1864; x_wconf 87' lang='lat' dir='ltr'><strong>Namque</strong></span> <span class='ocrx_word' id='word_1_176' title='bbox 424 1824 447 1851; x_wconf 90' lang='lat' dir='ltr'><strong>a</strong></span> <span class='ocrx_word' id='word_1_177' title='bbox 481 1813 602 1865; x_wconf 89' lang='lat' dir='ltr'><strong>poeta</strong></span> <span class='ocrx_word' id='word_1_178' title='bbox 631 1812 872 1865; x_wconf 89' lang='lat' dir='ltr'><strong>philosopho</strong></span> <span class='ocrx_word' id='word_1_179' title='bbox 904 1814 1043 1851; x_wconf 88' lang='lat' dir='ltr'><strong>nostro</strong></span> <span class='ocrx_word' id='word_1_180' title='bbox 1066 1811 1352 1864; x_wconf 89' lang='lat' dir='ltr'><strong>exprobratur,</strong></span> <span class='ocrx_word' id='word_1_181' title='bbox 1379 1811 1559 1865; x_wconf 82' lang='lat' dir='ltr'><strong>juvenes</strong></span> <span class='ocrx_word' id='word_1_182' title='bbox 1580 1825 1655 1852; x_wconf 90' lang='lat' dir='ltr'><strong>sua</strong></span> 
     </span>
     <span class='ocr_line' id='line_1_24' title="bbox 203 1879 1653 1934; baseline 0.001 -15"><span class='ocrx_word' id='word_1_183' title='bbox 203 1879 442 1920; x_wconf 87' lang='lat' dir='ltr'><strong>instituendi</strong></span> <span class='ocrx_word' id='word_1_184' title='bbox 472 1882 629 1921; x_wconf 86' lang='lat' dir='ltr'><strong>ratione</strong></span> <span class='ocrx_word' id='word_1_185' title='bbox 660 1882 711 1921; x_wconf 88' lang='lat' dir='ltr'><strong>ad</strong></span> <span class='ocrx_word' id='word_1_186' title='bbox 741 1881 956 1921; x_wconf 87' lang='lat' dir='ltr'><strong>mollitiem</strong></span> <span class='ocrx_word' id='word_1_187' title='bbox 985 1881 1138 1934; x_wconf 86' lang='lat' dir='ltr'><strong>pellici,</strong></span> <span class='ocrx_word' id='word_1_188' title='bbox 1170 1882 1398 1933; x_wconf 87' lang='lat' dir='ltr'><strong>palaestras</strong></span> <span class='ocrx_word' id='word_1_189' title='bbox 1421 1881 1653 1931; x_wconf 85' lang='lat' dir='ltr'><strong>vacuefieri,</strong></span> 
     </span>
     <span class='ocr_line' id='line_1_25' title="bbox 201 1948 1652 2004; baseline 0.003 -17"><span class='ocrx_word' id='word_1_190' title='bbox 201 1948 452 2002; x_wconf 84' lang='lat' dir='ltr'><strong>frequentari</strong></span> <span class='ocrx_word' id='word_1_191' title='bbox 482 1951 664 2001; x_wconf 89' lang='lat' dir='ltr'><strong>balneas,</strong></span> <span class='ocrx_word' id='word_1_192' title='bbox 695 1950 815 1990; x_wconf 88' lang='lat' dir='ltr'><strong>istam</strong></span> <span class='ocrx_word' id='word_1_193' title='bbox 846 1951 1023 2004; x_wconf 88' lang='lat' dir='ltr'><strong>denique</strong></span> <span class='ocrx_word' id='word_1_194' title='bbox 1054 1950 1227 1990; x_wconf 88' lang='lat' dir='ltr'><strong>docendi</strong></span> <span class='ocrx_word' id='word_1_195' title='bbox 1258 1952 1386 1990; x_wconf 84' lang='lat' dir='ltr'><strong>artem</strong></span> <span class='ocrx_word' id='word_1_196' title='bbox 1416 1951 1652 1991; x_wconf 90' lang='lat' dir='ltr'><strong>adolescen-</strong></span> 
     </span>
     <span class='ocr_line' id='line_1_26' title="bbox 202 2008 1651 2074; baseline 0.002 -16"><span class='ocrx_word' id='word_1_197' title='bbox 202 2008 298 2059; x_wconf 87' lang='lat' dir='ltr'><strong>tulis</strong></span> <span class='ocrx_word' id='word_1_198' title='bbox 329 2020 431 2061; x_wconf 91' lang='lat' dir='ltr'><strong>nihil</strong></span> <span class='ocrx_word' id='word_1_199' title='bbox 462 2020 572 2060; x_wconf 88' lang='lat' dir='ltr'><strong>aliud</strong></span> <span class='ocrx_word' id='word_1_200' title='bbox 604 2020 801 2074; x_wconf 85' lang='lat' dir='ltr'><strong>praebere</strong></span> <span class='ocrx_word' id='word_1_201' title='bbox 832 2020 911 2060; x_wconf 90' lang='lat' dir='ltr'><strong>nisi</strong></span> <span class='ocrx_word' id='word_1_202' title='bbox 941 2020 1157 2060; x_wconf 90' lang='lat' dir='ltr'><strong>illecebras</strong></span> <span class='ocrx_word' id='word_1_203' title='bbox 1182 2020 1422 2060; x_wconf 83' lang='lat' dir='ltr'><strong>desidiosas.</strong></span> <span class='ocrx_word' id='word_1_204' title='bbox 1485 2019 1568 2061; x_wconf 89' lang='lat' dir='ltr'><strong>Sed</strong></span> <span class='ocrx_word' id='word_1_205' title='bbox 1600 2035 1651 2060; x_wconf 90' lang='lat' dir='ltr'><strong>ne</strong></span> 
     </span>
    </p>
   </div>
   <div class='ocr_carea' id='block_1_5' title="bbox 193 2087 1652 2144">
    <p class='ocr_par' dir='ltr' id='par_1_6' title="bbox 193 2087 1652 2144">
     <span class='ocr_line' id='line_1_27' title="bbox 193 2087 1652 2144; baseline 0.002 -17"><span class='ocrx_word' id='word_1_206' title='bbox 193 2087 241 2127; x_wconf 54' lang='lat' dir='ltr'><strong>*in</strong></span> <span class='ocrx_word' id='word_1_207' title='bbox 272 2088 321 2128; x_wconf 90' lang='lat' dir='ltr'><strong>iis</strong></span> <span class='ocrx_word' id='word_1_208' title='bbox 353 2089 519 2142; x_wconf 88' lang='lat' dir='ltr'><strong>quidem</strong></span> <span class='ocrx_word' id='word_1_209' title='bbox 550 2089 785 2129; x_wconf 85' lang='lat' dir='ltr'><strong>criminibus</strong></span> <span class='ocrx_word' id='word_1_210' title='bbox 814 2088 937 2129; x_wconf 91' lang='lat' dir='ltr'><strong>fidem</strong></span> <span class='ocrx_word' id='word_1_211' title='bbox 959 2089 1111 2129; x_wconf 87' lang='lat' dir='ltr'><strong>habere</strong></span> <span class='ocrx_word' id='word_1_212' title='bbox 1132 2103 1352 2143; x_wconf 87' lang='lat' dir='ltr'><strong>possumus</strong></span> <span class='ocrx_word' id='word_1_213' title='bbox 1374 2088 1652 2144; x_wconf 81' lang='lat' dir='ltr'><strong>Aristophani,</strong></span> 
     </span>
    </p>
   </div>
   <div class='ocr_carea' id='block_1_6' title="bbox 198 2157 1650 2840">
    <p class='ocr_par' dir='ltr' id='par_1_7' title="bbox 198 2157 1650 2840">
     <span class='ocr_line' id='line_1_28' title="bbox 201 2157 1649 2212; baseline 0.002 -17"><span class='ocrx_word' id='word_1_214' title='bbox 201 2157 273 2196; x_wconf 91' lang='lat' dir='ltr'><strong>sed</strong></span> <span class='ocrx_word' id='word_1_215' title='bbox 314 2157 594 2212; x_wconf 83' lang='lat' dir='ltr'><strong>Xenophonti,</strong></span> <span class='ocrx_word' id='word_1_216' title='bbox 640 2159 754 2211; x_wconf 86' lang='lat' dir='ltr'><strong>cujus</strong></span> <span class='ocrx_word' id='word_1_217' title='bbox 796 2160 1108 2199; x_wconf 86' lang='lat' dir='ltr'><strong>commentarios</strong></span> <span class='ocrx_word' id='word_1_218' title='bbox 1151 2173 1276 2198; x_wconf 92' lang='lat' dir='ltr'><strong>unum</strong></span> <span class='ocrx_word' id='word_1_219' title='bbox 1318 2159 1649 2212; x_wconf 89' lang='lat' dir='ltr'><strong>limpidissimum</strong></span> 
     </span>
     <span class='ocr_line' id='line_1_29' title="bbox 202 2225 1650 2281; baseline 0.002 -16"><span class='ocrx_word' id='word_1_220' title='bbox 202 2225 354 2267; x_wconf 84' lang='lat' dir='ltr'><strong>fontem</strong></span> <span class='ocrx_word' id='word_1_221' title='bbox 386 2240 490 2279; x_wconf 86' lang='lat' dir='ltr'><strong>esse,</strong></span> <span class='ocrx_word' id='word_1_222' title='bbox 534 2241 556 2268; x_wconf 91' lang='lat' dir='ltr'><strong>e</strong></span> <span class='ocrx_word' id='word_1_223' title='bbox 597 2241 676 2281; x_wconf 90' lang='lat' dir='ltr'><strong>quo</strong></span> <span class='ocrx_word' id='word_1_224' title='bbox 719 2227 899 2281; x_wconf 88' lang='lat' dir='ltr'><strong>genuina</strong></span> <span class='ocrx_word' id='word_1_225' title='bbox 945 2227 1123 2269; x_wconf 90' lang='lat' dir='ltr'><strong>Socratis</strong></span> <span class='ocrx_word' id='word_1_226' title='bbox 1154 2228 1338 2269; x_wconf 86' lang='lat' dir='ltr'><strong>doctrina</strong></span> <span class='ocrx_word' id='word_1_227' title='bbox 1369 2228 1555 2268; x_wconf 89' lang='lat' dir='ltr'><strong>ducenda</strong></span> <span class='ocrx_word' id='word_1_228' title='bbox 1585 2228 1650 2279; x_wconf 86' lang='lat' dir='ltr'><strong>sit,</strong></span> 
     </span>
     <span class='ocr_line' id='line_1_30' title="bbox 198 2294 1650 2352; baseline 0.001 -17"><span class='ocrx_word' id='word_1_229' title='bbox 198 2294 426 2346; x_wconf 88' lang='lat' dir='ltr'><strong>judicemus</strong></span> <span class='ocrx_word' id='word_1_230' title='bbox 456 2310 626 2338; x_wconf 87' lang='lat' dir='ltr'><strong>necesse</strong></span> <span class='ocrx_word' id='word_1_231' title='bbox 657 2301 731 2338; x_wconf 87' lang='lat' dir='ltr'><strong>est.</strong></span> <span class='ocrx_word' id='word_1_232' title='bbox 791 2295 860 2352; x_wconf 85' lang='lat' dir='ltr'><strong>(cf.</strong></span> <span class='ocrx_word' id='word_1_233' title='bbox 891 2299 1132 2348; x_wconf 85' lang='lat' dir='ltr'><strong>Roetscher,</strong></span> <span class='ocrx_word' id='word_1_234' title='bbox 1164 2310 1255 2351; x_wconf 89' lang='lat' dir='ltr'><strong>pag.</strong></span> <span class='ocrx_word' id='word_1_235' title='bbox 1290 2300 1372 2337; x_wconf 85' lang='lat'><strong>394</strong></span> <span class='ocrx_word' id='word_1_236' title='bbox 1404 2299 1534 2350; x_wconf 91' lang='lat' dir='ltr'><strong>seqq.)</strong></span> <span class='ocrx_word' id='word_1_237' title='bbox 1604 2298 1650 2337; x_wconf 90' lang='lat' dir='ltr'><strong>Is</strong></span> 
     </span>
     <span class='ocr_line' id='line_1_31' title="bbox 202 2362 1648 2421; baseline 0.003 -17"><span class='ocrx_word' id='word_1_238' title='bbox 202 2364 308 2405; x_wconf 83' lang='lat' dir='ltr'><strong>enim</strong></span> <span class='ocrx_word' id='word_1_239' title='bbox 338 2366 403 2407; x_wconf 88' lang='lat' dir='ltr'><strong>his</strong></span> <span class='ocrx_word' id='word_1_240' title='bbox 433 2367 532 2420; x_wconf 90' lang='lat' dir='ltr'><strong>ipsis</strong></span> <span class='ocrx_word' id='word_1_241' title='bbox 563 2367 700 2407; x_wconf 85' lang='lat' dir='ltr'><strong>verbis</strong></span> <span class='ocrx_word' id='word_1_242' title='bbox 731 2368 859 2408; x_wconf 88' lang='lat' dir='ltr'><strong>utitur</strong></span> <span class='ocrx_word' id='word_1_243' title='bbox 900 2368 950 2419; x_wconf 88' lang='grc' dir='ltr'><strong>(Ι,</strong></span> <span class='ocrx_word' id='word_1_244' title='bbox 983 2372 1020 2419; x_wconf 83' lang='grc'><strong>2,</strong></span> <span class='ocrx_word' id='word_1_245' title='bbox 1052 2369 1112 2419; x_wconf 84' lang='lat'><strong>4):</strong></span> <span class='ocrx_word' id='word_1_246' title='bbox 1170 2366 1249 2409; x_wconf 84' lang='grc' dir='ltr'><strong>τοῦ</strong></span> <span class='ocrx_word' id='word_1_247' title='bbox 1285 2362 1488 2421; x_wconf 81' lang='grc' dir='ltr'><em>σώματος</em></span> <span class='ocrx_word' id='word_1_248' title='bbox 1517 2364 1648 2416; x_wconf 79' lang='grc' dir='ltr'><strong><em>αὐτός</em></strong></span> 
     </span>
     <span class='ocr_line' id='line_1_32' title="bbox 202 2431 1649 2495; baseline 0.001 -22"><span class='ocrx_word' id='word_1_249' title='bbox 202 2446 245 2473; x_wconf 79' lang='grc' dir='ltr'><strong>τε</strong></span> <span class='ocrx_word' id='word_1_250' title='bbox 276 2431 352 2476; x_wconf 84' lang='grc' dir='ltr'><strong>οὐκ</strong></span> <span class='ocrx_word' id='word_1_251' title='bbox 381 2433 528 2490; x_wconf 73' lang='grc' dir='ltr'><em>ἠμέλει</em></span> <span class='ocrx_word' id='word_1_252' title='bbox 558 2432 659 2485; x_wconf 83' lang='grc' dir='ltr'><em>τούς</em></span> <span class='ocrx_word' id='word_1_253' title='bbox 698 2433 730 2477; x_wconf 82' lang='grc' dir='ltr'><strong>τ’</strong></span> <span class='ocrx_word' id='word_1_254' title='bbox 776 2434 1047 2492; x_wconf 79' lang='grc' dir='ltr'><em>ἀμελοῦντας</em></span> <span class='ocrx_word' id='word_1_255' title='bbox 1088 2433 1165 2478; x_wconf 83' lang='grc' dir='ltr'><strong>οὐκ</strong></span> <span class='ocrx_word' id='word_1_256' title='bbox 1206 2432 1361 2495; x_wconf 73' lang='grc' dir='ltr'><strong>ἐπῄνει,</strong></span> <span class='ocrx_word' id='word_1_257' title='bbox 1405 2437 1649 2489; x_wconf 89' lang='lat' dir='ltr'><strong>quibuscum</strong></span> 
     </span>
     <span class='ocr_line' id='line_1_33' title="bbox 201 2502 1649 2559; baseline 0.005 -19"><span class='ocrx_word' id='word_1_258' title='bbox 201 2502 236 2541; x_wconf 84' lang='lat' dir='ltr'><strong>si</strong></span> <span class='ocrx_word' id='word_1_259' title='bbox 264 2504 365 2545; x_wconf 85' lang='lat' dir='ltr'><strong>alios</strong></span> <span class='ocrx_word' id='word_1_260' title='bbox 396 2505 506 2545; x_wconf 90' lang='lat' dir='ltr'><strong>locos</strong></span> <span class='ocrx_word' id='word_1_261' title='bbox 543 2505 594 2556; x_wconf 87' lang='lat'><strong>(1,</strong></span> <span class='ocrx_word' id='word_1_262' title='bbox 618 2508 659 2556; x_wconf 79' lang='lat'><strong>2,</strong></span> <span class='ocrx_word' id='word_1_263' title='bbox 681 2510 724 2551; x_wconf 70' lang='lat'><strong>1:</strong></span> <span class='ocrx_word' id='word_1_264' title='bbox 759 2508 796 2556; x_wconf 87' lang='lat'><strong>3,</strong></span> <span class='ocrx_word' id='word_1_265' title='bbox 821 2508 867 2555; x_wconf 83' lang='lat'><strong>53</strong></span> <span class='ocrx_word' id='word_1_266' title='bbox 901 2510 938 2556; x_wconf 85' lang='lat'><strong>6,</strong></span> <span class='ocrx_word' id='word_1_267' title='bbox 971 2508 1011 2555; x_wconf 84' lang='lat'><strong>2&gt;</strong></span> <span class='ocrx_word' id='word_1_268' title='bbox 1049 2506 1156 2559; x_wconf 89' lang='lat' dir='ltr'><strong>apud</strong></span> <span class='ocrx_word' id='word_1_269' title='bbox 1188 2505 1509 2559; x_wconf 87' lang='lat' dir='ltr'><strong>Xenophontem</strong></span> <span class='ocrx_word' id='word_1_270' title='bbox 1541 2519 1649 2547; x_wconf 90' lang='lat' dir='ltr'><strong>com-</strong></span> 
     </span>
     <span class='ocr_line' id='line_1_34' title="bbox 200 2562 1649 2629; baseline 0.003 -18"><span class='ocrx_word' id='word_1_271' title='bbox 200 2574 490 2625; x_wconf 83' lang='lat' dir='ltr'><strong>paraverimus,</strong></span> <span class='ocrx_word' id='word_1_272' title='bbox 537 2574 606 2615; x_wconf 87' lang='lat' dir='ltr'><strong>ubi</strong></span> <span class='ocrx_word' id='word_1_273' title='bbox 651 2574 703 2614; x_wconf 91' lang='lat' dir='ltr'><strong>de</strong></span> <span class='ocrx_word' id='word_1_274' title='bbox 748 2562 949 2616; x_wconf 77' lang='lat' dir='ltr'><strong>laboriosa</strong></span> <span class='ocrx_word' id='word_1_275' title='bbox 994 2575 1084 2628; x_wconf 84' lang='lat' dir='ltr'><strong>ejus</strong></span> <span class='ocrx_word' id='word_1_276' title='bbox 1131 2575 1310 2629; x_wconf 88' lang='lat' dir='ltr'><strong>corporis</strong></span> <span class='ocrx_word' id='word_1_277' title='bbox 1352 2576 1649 2617; x_wconf 84' lang='lat' dir='ltr'><strong>exercitatione</strong></span> 
     </span>
     <span class='ocr_line' id='line_1_35' title="bbox 200 2639 1645 2699; baseline 0.002 -17"><span class='ocrx_word' id='word_1_278' title='bbox 200 2639 369 2696; x_wconf 80' lang='lat' dir='ltr'><strong>ejusque</strong></span> <span class='ocrx_word' id='word_1_279' title='bbox 399 2644 440 2685; x_wconf 93' lang='lat' dir='ltr'><strong>in</strong></span> <span class='ocrx_word' id='word_1_280' title='bbox 473 2645 582 2685; x_wconf 88' lang='lat' dir='ltr'><strong>victu</strong></span> <span class='ocrx_word' id='word_1_281' title='bbox 613 2644 859 2686; x_wconf 87' lang='lat' dir='ltr'><strong>continentia</strong></span> <span class='ocrx_word' id='word_1_282' title='bbox 879 2644 1069 2699; x_wconf 87' lang='lat' dir='ltr'><strong>loquitur,</strong></span> <span class='ocrx_word' id='word_1_283' title='bbox 1101 2646 1240 2686; x_wconf 88' lang='lat' dir='ltr'><strong>mirari</strong></span> <span class='ocrx_word' id='word_1_284' title='bbox 1260 2645 1514 2697; x_wconf 87' lang='lat' dir='ltr'><strong>debebimus,</strong></span> <span class='ocrx_word' id='word_1_285' title='bbox 1547 2646 1645 2699; x_wconf 93' lang='lat' dir='ltr'><strong>quid</strong></span> 
     </span>
     <span class='ocr_line' id='line_1_36' title="bbox 200 2709 1646 2767; baseline 0.001 -14"><span class='ocrx_word' id='word_1_286' title='bbox 200 2709 262 2760; x_wconf 72' lang='lat' dir='ltr'><strong>Sit,</strong></span> <span class='ocrx_word' id='word_1_287' title='bbox 292 2716 400 2765; x_wconf 90' lang='lat' dir='ltr'><strong>quod</strong></span> <span class='ocrx_word' id='word_1_288' title='bbox 424 2713 739 2767; x_wconf 81' lang='lat' dir='ltr'><strong>Aristophanem</strong></span> <span class='ocrx_word' id='word_1_289' title='bbox 770 2715 820 2754; x_wconf 89' lang='lat' dir='ltr'><strong>ad</strong></span> <span class='ocrx_word' id='word_1_290' title='bbox 850 2715 959 2754; x_wconf 88' lang='lat' dir='ltr'><strong>istud</strong></span> <span class='ocrx_word' id='word_1_291' title='bbox 992 2716 1145 2755; x_wconf 87' lang='lat' dir='ltr'><strong>crimen</strong></span> <span class='ocrx_word' id='word_1_292' title='bbox 1165 2716 1207 2755; x_wconf 90' lang='lat' dir='ltr'><strong>in</strong></span> <span class='ocrx_word' id='word_1_293' title='bbox 1230 2714 1441 2756; x_wconf 86' lang='lat' dir='ltr'><strong>Socratem</strong></span> <span class='ocrx_word' id='word_1_294' title='bbox 1468 2715 1646 2755; x_wconf 84' lang='lat' dir='ltr'><strong>inferen-</strong></span> 
     </span>
     <span class='ocr_line' id='line_1_37' title="bbox 200 2772 1649 2840; baseline 0.002 -17"><span class='ocrx_word' id='word_1_295' title='bbox 200 2776 294 2821; x_wconf 79' lang='lat' dir='ltr'><strong>dum</strong></span> <span class='ocrx_word' id='word_1_296' title='bbox 309 2772 525 2839; x_wconf 88' lang='lat' dir='ltr'><strong>impulerit.</strong></span> <span class='ocrx_word' id='word_1_297' title='bbox 563 2783 697 2838; x_wconf 88' lang='lat' dir='ltr'><strong>Atque</strong></span> <span class='ocrx_word' id='word_1_298' title='bbox 713 2784 894 2839; x_wconf 85' lang='lat' dir='ltr'><strong>profiteri</strong></span> <span class='ocrx_word' id='word_1_299' title='bbox 911 2798 984 2826; x_wconf 90' lang='lat' dir='ltr'><strong>nos</strong></span> <span class='ocrx_word' id='word_1_300' title='bbox 1001 2787 1172 2840; x_wconf 81' lang='lat' dir='ltr'><strong>oportet,</strong></span> <span class='ocrx_word' id='word_1_301' title='bbox 1196 2792 1241 2828; x_wconf 90' lang='lat' dir='ltr'><strong>ut</strong></span> <span class='ocrx_word' id='word_1_302' title='bbox 1258 2785 1448 2828; x_wconf 83' lang='lat' dir='ltr'><strong>Socrates</strong></span> <span class='ocrx_word' id='word_1_303' title='bbox 1465 2785 1515 2826; x_wconf 85' lang='lat' dir='ltr'><strong>ab</strong></span> <span class='ocrx_word' id='word_1_304' title='bbox 1539 2786 1649 2826; x_wconf 90' lang='lat' dir='ltr'><strong>omni</strong></span> 
     </span>
    </p>
   </div>
  </div>
 </body>
</html>
