<?xml version="1.0" encoding="UTF-8"?>
<!DOCTYPE html PUBLIC "-//W3C//DTD XHTML 1.0 Transitional//EN"
    "http://www.w3.org/TR/xhtml1/DTD/xhtml1-transitional.dtd">
<html xmlns="http://www.w3.org/1999/xhtml" xml:lang="en" lang="en">
 <head>
  <title>
</title>
<meta http-equiv="Content-Type" content="text/html;charset=utf-8" />
  <meta name='ocr-system' content='tesseract 3.04.00' />
  <meta name='ocr-capabilities' content='ocr_page ocr_carea ocr_par ocr_line ocrx_word'/>
</head>
<body>
  <div class='ocr_page' id='page_1' title='image "4737180_0009.png"; bbox 0 0 1870 3066; ppageno 0'>
   <div class='ocr_carea' id='block_1_1' title="bbox 215 586 1683 753">
    <p class='ocr_par' dir='ltr' id='par_1_1' title="bbox 215 586 1683 753">
     <span class='ocr_line' id='line_1_1' title="bbox 262 586 1677 673; baseline -0.001 -13"><span class='ocrx_word' id='word_1_1' title='bbox 262 662 264 666; x_wconf 66' lang='grc'>,</span> <span class='ocrx_word' id='word_1_2' title='bbox 332 586 655 673; x_wconf 82' lang='lat' dir='ltr'>Argumentum</span> <span class='ocrx_word' id='word_1_3' title='bbox 676 619 868 659; x_wconf 78' lang='lat' dir='ltr'>editionis</span> <span class='ocrx_word' id='word_1_4' title='bbox 884 619 1177 659; x_wconf 81' lang='lat' dir='ltr'>Diibnerianae</span> <span class='ocrx_word' id='word_1_5' title='bbox 1198 619 1387 672; x_wconf 89' lang='lat' dir='ltr'>quintum</span> <span class='ocrx_word' id='word_1_6' title='bbox 1408 616 1511 659; x_wconf 85' lang='lat' dir='ltr'>haec</span> <span class='ocrx_word' id='word_1_7' title='bbox 1531 618 1677 659; x_wconf 78' lang='lat' dir='ltr'>refert:</span> 
     </span>
     <span class='ocr_line' id='line_1_2' title="bbox 215 687 1683 753; baseline -0.001 -17"><span class='ocrx_word' id='word_1_8' title='bbox 215 692 279 736; x_wconf 86' lang='grc' dir='ltr'>Αἱ</span> <span class='ocrx_word' id='word_1_9' title='bbox 318 694 490 753; x_wconf 81' lang='grc' dir='ltr'><em>πρῶται</em></span> <span class='ocrx_word' id='word_1_10' title='bbox 518 692 717 751; x_wconf 78' lang='grc' dir='ltr'><em>Νεφέλαι</em></span> <span class='ocrx_word' id='word_1_11' title='bbox 758 687 1067 748; x_wconf 73' lang='grc' dir='ltr'><em>ἐδιδάχθησαν</em></span> <span class='ocrx_word' id='word_1_12' title='bbox 1109 695 1155 735; x_wconf 79' lang='grc' dir='ltr'>ἐν</span> <span class='ocrx_word' id='word_1_13' title='bbox 1196 688 1321 735; x_wconf 80' lang='grc' dir='ltr'><em>ἄστει</em></span> <span class='ocrx_word' id='word_1_14' title='bbox 1362 692 1432 734; x_wconf 78' lang='grc' dir='ltr'>ἐπὶ</span> <span class='ocrx_word' id='word_1_15' title='bbox 1468 687 1683 750; x_wconf 75' lang='grc' dir='ltr'><em>ἄρχοντος</em></span> 
     </span>
    </p>
   </div>
   <div class='ocr_carea' id='block_1_2' title="bbox 211 760 1681 821">
    <p class='ocr_par' dir='ltr' id='par_1_2' title="bbox 211 760 1681 821">
     <span class='ocr_line' id='line_1_3' title="bbox 211 760 1681 821; baseline -0.002 -16"><span class='ocrx_word' id='word_1_16' title='bbox 211 760 411 821; x_wconf 79' lang='grc' dir='ltr'><em>Ἰσάρχου</em></span> <span class='ocrx_word' id='word_1_17' title='bbox 441 760 629 818; x_wconf 83' lang='lat' dir='ltr'>(Olymp.</span> <span class='ocrx_word' id='word_1_18' title='bbox 662 765 729 817; x_wconf 84' lang='lat'>89,</span> <span class='ocrx_word' id='word_1_19' title='bbox 764 765 800 803; x_wconf 92' lang='lat'>1.</span> <span class='ocrx_word' id='word_1_20' title='bbox 832 763 882 803; x_wconf 84' lang='lat' dir='ltr'>cf.</span> <span class='ocrx_word' id='word_1_21' title='bbox 914 762 1033 803; x_wconf 87' lang='lat' dir='ltr'>Diod.</span> <span class='ocrx_word' id='word_1_22' title='bbox 1067 761 1147 804; x_wconf 83' lang='lat' dir='ltr'>Sic.</span> <span class='ocrx_word' id='word_1_23' title='bbox 1179 762 1286 813; x_wconf 89' lang='lat' dir='ltr'>XII,</span> <span class='ocrx_word' id='word_1_24' title='bbox 1320 765 1396 811; x_wconf 86' lang='lat'>65;</span> <span class='ocrx_word' id='word_1_25' title='bbox 1439 761 1681 803; x_wconf 82' lang='lat' dir='ltr'>Athenaeus</span> 
     </span>
    </p>
   </div>
   <div class='ocr_carea' id='block_1_3' title="bbox 214 827 1685 2553">
    <p class='ocr_par' dir='ltr' id='par_1_3' title="bbox 214 827 1685 2553">
     <span class='ocr_line' id='line_1_4' title="bbox 217 827 1683 887; baseline -0.001 -13"><span class='ocrx_word' id='word_1_26' title='bbox 217 833 267 874; x_wconf 84' lang='lat' dir='ltr'>V.</span> <span class='ocrx_word' id='word_1_27' title='bbox 300 836 383 874; x_wconf 87' lang='lat'>218</span> <span class='ocrx_word' id='word_1_28' title='bbox 426 833 464 874; x_wconf 90' lang='lat' dir='ltr'>d.</span> <span class='ocrx_word' id='word_1_29' title='bbox 505 847 564 867; x_wconf 87' lang='lat'>=</span> <span class='ocrx_word' id='word_1_30' title='bbox 607 835 691 873; x_wconf 86' lang='lat'>423</span> <span class='ocrx_word' id='word_1_31' title='bbox 735 844 769 871; x_wconf 88' lang='lat' dir='ltr'>a.</span> <span class='ocrx_word' id='word_1_32' title='bbox 813 829 909 873; x_wconf 85' lang='lat' dir='ltr'>Chr.</span> <span class='ocrx_word' id='word_1_33' title='bbox 940 832 1010 882; x_wconf 88' lang='lat' dir='ltr'>n.)‚</span> <span class='ocrx_word' id='word_1_34' title='bbox 1056 827 1129 873; x_wconf 87' lang='grc' dir='ltr'>ὅτε</span> <span class='ocrx_word' id='word_1_35' title='bbox 1174 830 1397 885; x_wconf 84' lang='grc' dir='ltr'><em>Κρατῖνος</em></span> <span class='ocrx_word' id='word_1_36' title='bbox 1436 832 1520 887; x_wconf 78' lang='grc' dir='ltr'>μὲν</span> <span class='ocrx_word' id='word_1_37' title='bbox 1563 834 1683 875; x_wconf 78' lang='grc' dir='ltr'><em>ἐνίκα</em></span> 
     </span>
     <span class='ocr_line' id='line_1_5' title="bbox 215 896 1682 961; baseline -0.001 -17"><span class='ocrx_word' id='word_1_38' title='bbox 215 902 405 961; x_wconf 74' lang='grc' dir='ltr'><em>Πυτίνῃ,</em></span> <span class='ocrx_word' id='word_1_39' title='bbox 414 898 649 958; x_wconf 57' lang='grc' dir='ltr'><em>Ἀμειψίας</em></span> <span class='ocrx_word' id='word_1_40' title='bbox 661 899 706 942; x_wconf 81' lang='grc' dir='ltr'>δὲ</span> <span class='ocrx_word' id='word_1_41' title='bbox 714 896 874 955; x_wconf 80' lang='grc' dir='ltr'><em>Κόννῳ</em></span> <span class='ocrx_word' id='word_1_42' title='bbox 885 896 1036 958; x_wconf 81' lang='grc' dir='ltr'><em>διόπερ</em></span> <span class='ocrx_word' id='word_1_43' title='bbox 1046 897 1371 961; x_wconf 78' lang='grc' dir='ltr'><em>Ἀριστοφάνης</em></span> <span class='ocrx_word' id='word_1_44' title='bbox 1380 898 1682 960; x_wconf 75' lang='grc' dir='ltr'><em>ἀπορριφθεὶς</em></span> 
     </span>
     <span class='ocr_line' id='line_1_6' title="bbox 214 966 1682 1029; baseline -0.001 -17"><span class='ocrx_word' id='word_1_45' title='bbox 214 967 475 1029; x_wconf 79' lang='grc' dir='ltr'><strong><em>παραλόγως</em></strong></span> <span class='ocrx_word' id='word_1_46' title='bbox 495 966 632 1024; x_wconf 74' lang='grc' dir='ltr'><em>ᾠήθη</em></span> <span class='ocrx_word' id='word_1_47' title='bbox 653 969 744 1012; x_wconf 84' lang='grc' dir='ltr'><em>δεῖν</em></span> <span class='ocrx_word' id='word_1_48' title='bbox 763 966 1030 1021; x_wconf 77' lang='grc' dir='ltr'><em>ἀναδιδάξαι</em></span> <span class='ocrx_word' id='word_1_49' title='bbox 1051 966 1132 1018; x_wconf 83' lang='grc' dir='ltr'>τὰς</span> <span class='ocrx_word' id='word_1_50' title='bbox 1151 971 1356 1029; x_wconf 75' lang='grc' dir='ltr'>Νεφέλας</span> <span class='ocrx_word' id='word_1_51' title='bbox 1376 967 1457 1019; x_wconf 85' lang='grc' dir='ltr'>τὰς</span> <span class='ocrx_word' id='word_1_52' title='bbox 1478 971 1682 1028; x_wconf 75' lang='grc' dir='ltr'>δευτέρας</span> 
     </span>
     <span class='ocr_line' id='line_1_7' title="bbox 216 1034 1685 1098; baseline -0.001 -16"><span class='ocrx_word' id='word_1_53' title='bbox 216 1041 289 1083; x_wconf 87' lang='grc' dir='ltr'>καὶ</span> <span class='ocrx_word' id='word_1_54' title='bbox 353 1037 711 1097; x_wconf 73' lang='grc' dir='ltr'><em>ἀπομέμφεσθαι</em></span> <span class='ocrx_word' id='word_1_55' title='bbox 769 1034 819 1082; x_wconf 83' lang='grc' dir='ltr'>τὸ</span> <span class='ocrx_word' id='word_1_56' title='bbox 882 1039 1095 1098; x_wconf 76' lang='grc' dir='ltr'><em>θέατρον.</em></span> <span class='ocrx_word' id='word_1_57' title='bbox 1175 1035 1409 1097; x_wconf 78' lang='grc' dir='ltr'><em>ἀποτυχὼν</em></span> <span class='ocrx_word' id='word_1_58' title='bbox 1466 1040 1511 1082; x_wconf 83' lang='grc' dir='ltr'>δὲ</span> <span class='ocrx_word' id='word_1_59' title='bbox 1572 1035 1685 1082; x_wconf 82' lang='grc' dir='ltr'><em>πολὺ</em></span> 
     </span>
     <span class='ocr_line' id='line_1_8' title="bbox 215 1104 1682 1166; baseline 0 -14"><span class='ocrx_word' id='word_1_60' title='bbox 215 1111 385 1166; x_wconf 84' lang='grc' dir='ltr'><em>μᾶλλον</em></span> <span class='ocrx_word' id='word_1_61' title='bbox 415 1110 488 1152; x_wconf 82' lang='grc' dir='ltr'>καὶ</span> <span class='ocrx_word' id='word_1_62' title='bbox 518 1112 565 1152; x_wconf 77' lang='grc' dir='ltr'>ἐν</span> <span class='ocrx_word' id='word_1_63' title='bbox 596 1114 688 1159; x_wconf 83' lang='grc' dir='ltr'><em>τοῖς</em></span> <span class='ocrx_word' id='word_1_64' title='bbox 717 1110 867 1152; x_wconf 76' lang='grc' dir='ltr'><em>ἔπειτα</em></span> <span class='ocrx_word' id='word_1_65' title='bbox 898 1105 1041 1151; x_wconf 86' lang='grc' dir='ltr'><em>οὐκέτι</em></span> <span class='ocrx_word' id='word_1_66' title='bbox 1071 1104 1156 1161; x_wconf 84' lang='grc' dir='ltr'>τὴν</span> <span class='ocrx_word' id='word_1_67' title='bbox 1185 1105 1419 1163; x_wconf 84' lang='grc' dir='ltr'><em>διασκευὴν</em></span> <span class='ocrx_word' id='word_1_68' title='bbox 1439 1106 1682 1165; x_wconf 77' lang='grc' dir='ltr'><em>εἰσήγαγεν.</em></span> 
     </span>
     <span class='ocr_line' id='line_1_9' title="bbox 216 1174 1682 1237; baseline 0 -16"><span class='ocrx_word' id='word_1_69' title='bbox 216 1181 263 1221; x_wconf 86' lang='grc' dir='ltr'>αἱ</span> <span class='ocrx_word' id='word_1_70' title='bbox 292 1179 338 1221; x_wconf 82' lang='grc' dir='ltr'>δὲ</span> <span class='ocrx_word' id='word_1_71' title='bbox 369 1176 567 1237; x_wconf 86' lang='grc' dir='ltr'><em>δεύτεραι</em></span> <span class='ocrx_word' id='word_1_72' title='bbox 586 1179 784 1236; x_wconf 81' lang='grc' dir='ltr'><em>Νεφέλαι</em></span> <span class='ocrx_word' id='word_1_73' title='bbox 815 1178 884 1220; x_wconf 79' lang='grc' dir='ltr'>ἐπὶ</span> <span class='ocrx_word' id='word_1_74' title='bbox 913 1175 1133 1233; x_wconf 84' lang='grc' dir='ltr'><em>Ἀμεινίου</em></span> <span class='ocrx_word' id='word_1_75' title='bbox 1163 1174 1390 1236; x_wconf 79' lang='grc' dir='ltr'><em>ἄρχοντος.</em></span> <span class='ocrx_word' id='word_1_76' title='bbox 1443 1180 1564 1221; x_wconf 89' lang='lat' dir='ltr'>Anno</span> <span class='ocrx_word' id='word_1_77' title='bbox 1597 1182 1682 1221; x_wconf 84' lang='lat'>423</span> 
     </span>
     <span class='ocr_line' id='line_1_10' title="bbox 217 1249 1683 1303; baseline -0.001 -13"><span class='ocrx_word' id='word_1_78' title='bbox 217 1249 361 1290; x_wconf 82' lang='lat' dir='ltr'>Nubes</span> <span class='ocrx_word' id='word_1_79' title='bbox 392 1250 549 1303; x_wconf 83' lang='lat' dir='ltr'>priores</span> <span class='ocrx_word' id='word_1_80' title='bbox 578 1249 792 1303; x_wconf 87' lang='lat' dir='ltr'>Dionysiis</span> <span class='ocrx_word' id='word_1_81' title='bbox 822 1251 935 1288; x_wconf 88' lang='lat' dir='ltr'>actas</span> <span class='ocrx_word' id='word_1_82' title='bbox 973 1262 1066 1288; x_wconf 86' lang='lat' dir='ltr'>esse</span> <span class='ocrx_word' id='word_1_83' title='bbox 1110 1253 1152 1289; x_wconf 92' lang='lat' dir='ltr'>et</span> <span class='ocrx_word' id='word_1_84' title='bbox 1187 1250 1403 1290; x_wconf 89' lang='lat' dir='ltr'>confirmat</span> <span class='ocrx_word' id='word_1_85' title='bbox 1436 1250 1683 1290; x_wconf 81' lang='lat' dir='ltr'>scholiastes</span> 
     </span>
     <span class='ocr_line' id='line_1_11' title="bbox 217 1312 1684 1376; baseline 0.001 -18"><span class='ocrx_word' id='word_1_86' title='bbox 217 1319 270 1358; x_wconf 89' lang='lat' dir='ltr'>ad</span> <span class='ocrx_word' id='word_1_87' title='bbox 290 1331 398 1358; x_wconf 86' lang='lat' dir='ltr'>vers.</span> <span class='ocrx_word' id='word_1_88' title='bbox 423 1320 528 1358; x_wconf 84' lang='lat'>549:</span> <span class='ocrx_word' id='word_1_89' title='bbox 551 1314 574 1358; x_wconf 93' lang='grc' dir='ltr'>ὁ</span> <span class='ocrx_word' id='word_1_90' title='bbox 591 1315 743 1358; x_wconf 87' lang='grc' dir='ltr'><em>Κλέων</em></span> <span class='ocrx_word' id='word_1_91' title='bbox 764 1312 1047 1367; x_wconf 67' lang='grc' dir='ltr'><em>ἀποθνήσκει</em></span> <span class='ocrx_word' id='word_1_92' title='bbox 1068 1318 1137 1359; x_wconf 80' lang='grc' dir='ltr'>επὶ</span> <span class='ocrx_word' id='word_1_93' title='bbox 1155 1315 1385 1372; x_wconf 83' lang='grc' dir='ltr'><em>Ἀμεινίου.</em></span> <span class='ocrx_word' id='word_1_94' title='bbox 1417 1313 1502 1376; x_wconf 83' lang='grc' dir='ltr'>πρὸ</span> <span class='ocrx_word' id='word_1_95' title='bbox 1525 1314 1684 1359; x_wconf 81' lang='grc' dir='ltr'><em>τούτου</em></span> 
     </span>
     <span class='ocr_line' id='line_1_12' title="bbox 217 1378 1685 1445; baseline -0.001 -15"><span class='ocrx_word' id='word_1_96' title='bbox 217 1386 262 1429; x_wconf 87' lang='grc' dir='ltr'>δέ</span> <span class='ocrx_word' id='word_1_97' title='bbox 284 1390 413 1430; x_wconf 77' lang='grc' dir='ltr'><em>’ἐστιν</em></span> <span class='ocrx_word' id='word_1_98' title='bbox 435 1382 648 1444; x_wconf 71' lang='grc' dir='ltr'><em>Ἴσαρχος,</em></span> <span class='ocrx_word' id='word_1_99' title='bbox 690 1384 751 1444; x_wconf 76' lang='grc' dir='ltr'>ἐφ’</span> <span class='ocrx_word' id='word_1_100' title='bbox 798 1378 850 1429; x_wconf 82' lang='grc' dir='ltr'>οὗ</span> <span class='ocrx_word' id='word_1_101' title='bbox 890 1388 937 1427; x_wconf 85' lang='grc' dir='ltr'>αἱ</span> <span class='ocrx_word' id='word_1_102' title='bbox 973 1388 1143 1443; x_wconf 84' lang='grc' dir='ltr'><em>πρῶται</em></span> <span class='ocrx_word' id='word_1_103' title='bbox 1173 1387 1371 1445; x_wconf 76' lang='grc' dir='ltr'><em>Νεφέλαι</em></span> <span class='ocrx_word' id='word_1_104' title='bbox 1401 1383 1685 1443; x_wconf 72' lang='grc' dir='ltr'><em>εἰσήχθησαν</em></span> 
     </span>
     <span class='ocr_line' id='line_1_13' title="bbox 217 1455 1682 1512; baseline 0 -14"><span class='ocrx_word' id='word_1_105' title='bbox 217 1459 328 1508; x_wconf 89' lang='lat' dir='ltr'>(nam</span> <span class='ocrx_word' id='word_1_106' title='bbox 361 1455 461 1498; x_wconf 84' lang='lat' dir='ltr'>Cleo</span> <span class='ocrx_word' id='word_1_107' title='bbox 493 1457 649 1497; x_wconf 87' lang='lat' dir='ltr'>occisus</span> <span class='ocrx_word' id='word_1_108' title='bbox 681 1459 746 1497; x_wconf 89' lang='lat' dir='ltr'>est</span> <span class='ocrx_word' id='word_1_109' title='bbox 776 1469 881 1497; x_wconf 87' lang='lat' dir='ltr'>anno</span> <span class='ocrx_word' id='word_1_110' title='bbox 922 1459 1006 1498; x_wconf 84' lang='lat'>422</span> <span class='ocrx_word' id='word_1_111' title='bbox 1048 1458 1090 1498; x_wconf 90' lang='lat' dir='ltr'>in</span> <span class='ocrx_word' id='word_1_112' title='bbox 1131 1470 1274 1511; x_wconf 87' lang='lat' dir='ltr'>pugna</span> <span class='ocrx_word' id='word_1_113' title='bbox 1314 1458 1367 1497; x_wconf 86' lang='lat' dir='ltr'>ad</span> <span class='ocrx_word' id='word_1_114' title='bbox 1399 1456 1682 1512; x_wconf 88' lang='lat' dir='ltr'>Amphipolim</span> 
     </span>
     <span class='ocr_line' id='line_1_14' title="bbox 217 1524 1684 1581; baseline 0.001 -15"><span class='ocrx_word' id='word_1_115' title='bbox 217 1528 446 1579; x_wconf 87' lang='lat' dir='ltr'>commissa,</span> <span class='ocrx_word' id='word_1_116' title='bbox 470 1528 519 1568; x_wconf 92' lang='lat' dir='ltr'>cf.</span> <span class='ocrx_word' id='word_1_117' title='bbox 538 1526 664 1566; x_wconf 82' lang='lat' dir='ltr'>Thuc.</span> <span class='ocrx_word' id='word_1_118' title='bbox 690 1526 738 1568; x_wconf 88' lang='lat' dir='ltr'>V.</span> <span class='ocrx_word' id='word_1_119' title='bbox 758 1524 843 1580; x_wconf 88' lang='lat'>10),</span> <span class='ocrx_word' id='word_1_120' title='bbox 867 1529 909 1566; x_wconf 90' lang='lat' dir='ltr'>et</span> <span class='ocrx_word' id='word_1_121' title='bbox 929 1529 1101 1580; x_wconf 86' lang='lat' dir='ltr'>apparet</span> <span class='ocrx_word' id='word_1_122' title='bbox 1122 1540 1177 1566; x_wconf 83' lang='lat' dir='ltr'>ex</span> <span class='ocrx_word' id='word_1_123' title='bbox 1199 1540 1325 1567; x_wconf 85' lang='lat' dir='ltr'>versu</span> <span class='ocrx_word' id='word_1_124' title='bbox 1346 1530 1443 1578; x_wconf 88' lang='lat'>311,</span> <span class='ocrx_word' id='word_1_125' title='bbox 1467 1528 1537 1567; x_wconf 92' lang='lat' dir='ltr'>ubi</span> <span class='ocrx_word' id='word_1_126' title='bbox 1558 1531 1684 1581; x_wconf 88' lang='lat' dir='ltr'>poeta</span> 
     </span>
     <span class='ocr_line' id='line_1_15' title="bbox 216 1596 1681 1650; baseline 0 -12"><span class='ocrx_word' id='word_1_127' title='bbox 216 1596 371 1638; x_wconf 85' lang='lat' dir='ltr'>Bromii</span> <span class='ocrx_word' id='word_1_128' title='bbox 413 1597 495 1638; x_wconf 89' lang='lat' dir='ltr'>diei</span> <span class='ocrx_word' id='word_1_129' title='bbox 534 1597 630 1637; x_wconf 86' lang='lat' dir='ltr'>sesti</span> <span class='ocrx_word' id='word_1_130' title='bbox 671 1596 922 1637; x_wconf 72' lang='lat' dir='ltr'>mentionem</span> <span class='ocrx_word' id='word_1_131' title='bbox 957 1596 1065 1636; x_wconf 87' lang='lat' dir='ltr'>facit.</span> <span class='ocrx_word' id='word_1_132' title='bbox 1126 1596 1326 1650; x_wconf 88' lang='lat' dir='ltr'>Dionysia</span> <span class='ocrx_word' id='word_1_133' title='bbox 1362 1597 1472 1637; x_wconf 89' lang='lat' dir='ltr'>enim</span> <span class='ocrx_word' id='word_1_134' title='bbox 1510 1597 1681 1638; x_wconf 89' lang='lat' dir='ltr'>ineunte</span> 
     </span>
     <span class='ocr_line' id='line_1_16' title="bbox 217 1664 1682 1720; baseline -0.001 -13"><span class='ocrx_word' id='word_1_135' title='bbox 217 1679 318 1707; x_wconf 83' lang='lat' dir='ltr'>vere</span> <span class='ocrx_word' id='word_1_136' title='bbox 361 1666 591 1720; x_wconf 83' lang='lat' dir='ltr'>agebantur</span> <span class='ocrx_word' id='word_1_137' title='bbox 631 1668 672 1706; x_wconf 85' lang='lat' dir='ltr'>et</span> <span class='ocrx_word' id='word_1_138' title='bbox 710 1664 899 1705; x_wconf 89' lang='lat' dir='ltr'>Bromius</span> <span class='ocrx_word' id='word_1_139' title='bbox 930 1664 1105 1719; x_wconf 82' lang='lat' dir='ltr'>Dionysi</span> <span class='ocrx_word' id='word_1_140' title='bbox 1138 1678 1366 1719; x_wconf 82' lang='lat' dir='ltr'>cognomen</span> <span class='ocrx_word' id='word_1_141' title='bbox 1398 1667 1473 1706; x_wconf 89' lang='lat' dir='ltr'>est.</span> <span class='ocrx_word' id='word_1_142' title='bbox 1526 1664 1682 1716; x_wconf 83' lang='lat' dir='ltr'>(Schol.</span> 
     </span>
     <span class='ocr_line' id='line_1_17' title="bbox 246 1728 1682 1792; baseline -0.001 -15"><span class='ocrx_word' id='word_1_143' title='bbox 246 1768 280 1777; x_wconf 89' lang='lat'>..</span> <span class='ocrx_word' id='word_1_144' title='bbox 322 1730 406 1787; x_wconf 84' lang='grc' dir='ltr'>τὴν</span> <span class='ocrx_word' id='word_1_145' title='bbox 450 1735 680 1792; x_wconf 84' lang='grc' dir='ltr'><em>παροῦσαν</em></span> <span class='ocrx_word' id='word_1_146' title='bbox 724 1728 879 1791; x_wconf 74' lang='grc' dir='ltr'><em>ἑορτὴν</em></span> <span class='ocrx_word' id='word_1_147' title='bbox 923 1734 1047 1788; x_wconf 75' lang='grc' dir='ltr'><em>λέγει,</em></span> <span class='ocrx_word' id='word_1_148' title='bbox 1096 1736 1298 1776; x_wconf 86' lang='grc' dir='ltr'><em>τουτέστι</em></span> <span class='ocrx_word' id='word_1_149' title='bbox 1343 1729 1400 1776; x_wconf 77' lang='grc' dir='ltr'>τὰ</span> <span class='ocrx_word' id='word_1_150' title='bbox 1444 1732 1682 1785; x_wconf 83' lang='grc' dir='ltr'><em>Διονύσια.)</em></span> 
     </span>
     <span class='ocr_line' id='line_1_18' title="bbox 217 1804 1681 1859; baseline -0.001 -14"><span class='ocrx_word' id='word_1_151' title='bbox 217 1805 346 1845; x_wconf 88' lang='lat' dir='ltr'>Poeta</span> <span class='ocrx_word' id='word_1_152' title='bbox 375 1806 418 1846; x_wconf 86' lang='lat' dir='ltr'>in</span> <span class='ocrx_word' id='word_1_153' title='bbox 446 1805 638 1859; x_wconf 88' lang='lat' dir='ltr'>parabasi</span> <span class='ocrx_word' id='word_1_154' title='bbox 666 1805 756 1858; x_wconf 89' lang='lat' dir='ltr'>ipse</span> <span class='ocrx_word' id='word_1_155' title='bbox 786 1806 937 1854; x_wconf 88' lang='lat' dir='ltr'>narrat,</span> <span class='ocrx_word' id='word_1_156' title='bbox 971 1817 1016 1843; x_wconf 89' lang='lat' dir='ltr'>se</span> <span class='ocrx_word' id='word_1_157' title='bbox 1047 1804 1203 1843; x_wconf 87' lang='lat' dir='ltr'>victum</span> <span class='ocrx_word' id='word_1_158' title='bbox 1233 1804 1375 1855; x_wconf 86' lang='lat' dir='ltr'>fuisse,</span> <span class='ocrx_word' id='word_1_159' title='bbox 1407 1806 1548 1844; x_wconf 82' lang='lat' dir='ltr'>tamen</span> <span class='ocrx_word' id='word_1_160' title='bbox 1576 1805 1681 1844; x_wconf 90' lang='lat' dir='ltr'>arbi-</span> 
     </span>
     <span class='ocr_line' id='line_1_19' title="bbox 218 1873 1682 1926; baseline -0.001 -12"><span class='ocrx_word' id='word_1_161' title='bbox 218 1875 350 1914; x_wconf 77' lang='lat' dir='ltr'>tratus</span> <span class='ocrx_word' id='word_1_162' title='bbox 372 1887 463 1914; x_wconf 87' lang='lat' dir='ltr'>eam</span> <span class='ocrx_word' id='word_1_163' title='bbox 485 1873 738 1914; x_wconf 80' lang='lat' dir='ltr'>comoediam</span> <span class='ocrx_word' id='word_1_164' title='bbox 755 1885 921 1913; x_wconf 82' lang='lat' dir='ltr'>suarum</span> <span class='ocrx_word' id='word_1_165' title='bbox 938 1873 1063 1925; x_wconf 85' lang='lat' dir='ltr'>longe</span> <span class='ocrx_word' id='word_1_166' title='bbox 1079 1873 1277 1926; x_wconf 85' lang='lat' dir='ltr'>optimam</span> <span class='ocrx_word' id='word_1_167' title='bbox 1294 1886 1399 1924; x_wconf 88' lang='lat' dir='ltr'>esse,</span> <span class='ocrx_word' id='word_1_168' title='bbox 1418 1874 1682 1914; x_wconf 88' lang='lat' dir='ltr'>constituisse</span> 
     </span>
     <span class='ocr_line' id='line_1_20' title="bbox 218 1941 1684 1996; baseline 0.001 -14"><span class='ocrx_word' id='word_1_169' title='bbox 218 1956 265 1983; x_wconf 86' lang='lat' dir='ltr'>se</span> <span class='ocrx_word' id='word_1_170' title='bbox 296 1956 388 1984; x_wconf 88' lang='lat' dir='ltr'>eam</span> <span class='ocrx_word' id='word_1_171' title='bbox 418 1941 720 1991; x_wconf 81' lang='lat' dir='ltr'>retractatam1)</span> <span class='ocrx_word' id='word_1_172' title='bbox 758 1941 1075 1982; x_wconf 86' lang='lat' dir='ltr'>Atheniensium</span> <span class='ocrx_word' id='word_1_173' title='bbox 1115 1943 1267 1996; x_wconf 91' lang='lat' dir='ltr'>populo</span> <span class='ocrx_word' id='word_1_174' title='bbox 1309 1941 1509 1995; x_wconf 87' lang='lat' dir='ltr'>praebere</span> <span class='ocrx_word' id='word_1_175' title='bbox 1552 1944 1684 1983; x_wconf 87' lang='lat' dir='ltr'>multa</span> 
     </span>
     <span class='ocr_line' id='line_1_21' title="bbox 219 2011 1682 2066; baseline 0.001 -15"><span class='ocrx_word' id='word_1_176' title='bbox 219 2024 312 2052; x_wconf 89' lang='lat' dir='ltr'>cum</span> <span class='ocrx_word' id='word_1_177' title='bbox 343 2026 429 2066; x_wconf 91' lang='lat' dir='ltr'>spe,</span> <span class='ocrx_word' id='word_1_178' title='bbox 461 2014 715 2066; x_wconf 81' lang='lat' dir='ltr'>spectatores</span> <span class='ocrx_word' id='word_1_179' title='bbox 745 2024 792 2053; x_wconf 89' lang='lat' dir='ltr'>ac</span> <span class='ocrx_word' id='word_1_180' title='bbox 827 2011 990 2064; x_wconf 83' lang='lat' dir='ltr'>judices</span> <span class='ocrx_word' id='word_1_181' title='bbox 1032 2012 1370 2053; x_wconf 86' lang='lat' dir='ltr'>benevolentiore</span> <span class='ocrx_word' id='word_1_182' title='bbox 1412 2012 1548 2053; x_wconf 88' lang='lat' dir='ltr'>animo</span> <span class='ocrx_word' id='word_1_183' title='bbox 1591 2026 1682 2053; x_wconf 90' lang='lat' dir='ltr'>eam</span> 
     </span>
     <span class='ocr_line' id='line_1_22' title="bbox 219 2080 1683 2136; baseline 0.001 -14"><span class='ocrx_word' id='word_1_184' title='bbox 219 2083 470 2136; x_wconf 87' lang='lat' dir='ltr'>accepturos.</span> <span class='ocrx_word' id='word_1_185' title='bbox 541 2080 663 2128; x_wconf 80' lang='lat' dir='ltr'>Quod</span> <span class='ocrx_word' id='word_1_186' title='bbox 701 2081 917 2122; x_wconf 89' lang='lat' dir='ltr'>consilium</span> <span class='ocrx_word' id='word_1_187' title='bbox 960 2093 1052 2121; x_wconf 91' lang='lat' dir='ltr'>cum</span> <span class='ocrx_word' id='word_1_188' title='bbox 1094 2082 1270 2134; x_wconf 88' lang='lat' dir='ltr'>exsequi</span> <span class='ocrx_word' id='word_1_189' title='bbox 1321 2081 1589 2132; x_wconf 87' lang='lat' dir='ltr'>decrevisset,</span> <span class='ocrx_word' id='word_1_190' title='bbox 1640 2083 1683 2123; x_wconf 91' lang='lat' dir='ltr'>id</span> 
     </span>
     <span class='ocr_line' id='line_1_23' title="bbox 219 2152 1682 2205; baseline 0.001 -14"><span class='ocrx_word' id='word_1_191' title='bbox 219 2164 344 2204; x_wconf 88' lang='lat' dir='ltr'>agere</span> <span class='ocrx_word' id='word_1_192' title='bbox 375 2152 565 2204; x_wconf 83' lang='lat' dir='ltr'>debebat,</span> <span class='ocrx_word' id='word_1_193' title='bbox 606 2153 651 2191; x_wconf 91' lang='lat' dir='ltr'>ut</span> <span class='ocrx_word' id='word_1_194' title='bbox 681 2164 787 2205; x_wconf 91' lang='lat' dir='ltr'>quae</span> <span class='ocrx_word' id='word_1_195' title='bbox 818 2152 969 2205; x_wconf 91' lang='lat' dir='ltr'>populo</span> <span class='ocrx_word' id='word_1_196' title='bbox 1012 2152 1148 2193; x_wconf 89' lang='lat' dir='ltr'>minus</span> <span class='ocrx_word' id='word_1_197' title='bbox 1189 2152 1462 2205; x_wconf 85' lang='lat' dir='ltr'>placuissent,</span> <span class='ocrx_word' id='word_1_198' title='bbox 1505 2155 1682 2193; x_wconf 84' lang='lat' dir='ltr'>mutaret</span> 
     </span>
     <span class='ocr_line' id='line_1_24' title="bbox 219 2207 1680 2274; baseline 0.001 -13"><span class='ocrx_word' id='word_1_199' title='bbox 219 2221 473 2273; x_wconf 86' lang='lat' dir='ltr'>adderetque</span> <span class='ocrx_word' id='word_1_200' title='bbox 517 2234 597 2271; x_wconf 89' lang='lat' dir='ltr'>res,</span> <span class='ocrx_word' id='word_1_201' title='bbox 643 2233 749 2274; x_wconf 88' lang='lat' dir='ltr'>quae</span> <span class='ocrx_word' id='word_1_202' title='bbox 794 2233 870 2274; x_wconf 90' lang='lat' dir='ltr'>per</span> <span class='ocrx_word' id='word_1_203' title='bbox 914 2234 960 2260; x_wconf 90' lang='lat' dir='ltr'>se</span> <span class='ocrx_word' id='word_1_204' title='bbox 1006 2221 1121 2274; x_wconf 87' lang='lat' dir='ltr'>ipsae</span> <span class='ocrx_word' id='word_1_205' title='bbox 1165 2207 1317 2261; x_wconf 48' lang='lat' dir='ltr'>noxiam</span> <span class='ocrx_word' id='word_1_206' title='bbox 1363 2221 1680 2262; x_wconf 90' lang='lat' dir='ltr'>oblectationem</span> 
     </span>
     <span class='ocr_line' id='line_1_25' title="bbox 220 2288 1682 2344; baseline 0.001 -14"><span class='ocrx_word' id='word_1_207' title='bbox 220 2288 423 2330; x_wconf 87' lang='lat' dir='ltr'>afferrent.</span> <span class='ocrx_word' id='word_1_208' title='bbox 487 2289 633 2343; x_wconf 86' lang='lat' dir='ltr'>Neque</span> <span class='ocrx_word' id='word_1_209' title='bbox 663 2302 761 2330; x_wconf 89' lang='lat' dir='ltr'>vero</span> <span class='ocrx_word' id='word_1_210' title='bbox 793 2291 958 2343; x_wconf 87' lang='lat' dir='ltr'>poetam</span> <span class='ocrx_word' id='word_1_211' title='bbox 988 2290 1172 2331; x_wconf 87' lang='lat' dir='ltr'>fabulam</span> <span class='ocrx_word' id='word_1_212' title='bbox 1202 2290 1411 2340; x_wconf 86' lang='lat' dir='ltr'>intactam,</span> <span class='ocrx_word' id='word_1_213' title='bbox 1453 2291 1526 2330; x_wconf 89' lang='lat' dir='ltr'>sed</span> <span class='ocrx_word' id='word_1_214' title='bbox 1558 2291 1682 2344; x_wconf 87' lang='lat' dir='ltr'>plane</span> 
     </span>
     <span class='ocr_line' id='line_1_26' title="bbox 218 2359 1683 2413; baseline 0 -14"><span class='ocrx_word' id='word_1_215' title='bbox 218 2360 483 2399; x_wconf 86' lang='lat' dir='ltr'>retractatam</span> <span class='ocrx_word' id='word_1_216' title='bbox 520 2359 719 2412; x_wconf 86' lang='lat' dir='ltr'>praebere</span> <span class='ocrx_word' id='word_1_217' title='bbox 749 2359 935 2411; x_wconf 89' lang='lat' dir='ltr'>potuisse</span> <span class='ocrx_word' id='word_1_218' title='bbox 965 2360 1130 2413; x_wconf 89' lang='lat' dir='ltr'>populo,</span> <span class='ocrx_word' id='word_1_219' title='bbox 1163 2359 1342 2399; x_wconf 88' lang='lat' dir='ltr'>dilucide</span> <span class='ocrx_word' id='word_1_220' title='bbox 1373 2359 1683 2400; x_wconf 87' lang='lat' dir='ltr'>demonstrasse</span> 
     </span>
     <span class='ocr_line' id='line_1_27' title="bbox 219 2425 1681 2483; baseline 0.001 -15"><span class='ocrx_word' id='word_1_221' title='bbox 219 2428 321 2469; x_wconf 89' lang='lat' dir='ltr'>mihi</span> <span class='ocrx_word' id='word_1_222' title='bbox 364 2428 532 2470; x_wconf 84' lang='lat' dir='ltr'>videtur</span> <span class='ocrx_word' id='word_1_223' title='bbox 583 2427 630 2469; x_wconf 82' lang='lat' dir='ltr'>F.</span> <span class='ocrx_word' id='word_1_224' title='bbox 671 2427 722 2468; x_wconf 91' lang='lat' dir='ltr'>V.</span> <span class='ocrx_word' id='word_1_225' title='bbox 771 2426 1037 2480; x_wconf 82' lang='lat' dir='ltr'>Fritzschius,</span> <span class='ocrx_word' id='word_1_226' title='bbox 1095 2441 1188 2469; x_wconf 89' lang='lat' dir='ltr'>cum</span> <span class='ocrx_word' id='word_1_227' title='bbox 1244 2428 1343 2468; x_wconf 91' lang='lat' dir='ltr'>dicit</span> <span class='ocrx_word' id='word_1_228' title='bbox 1396 2425 1457 2483; x_wconf 89' lang='lat' dir='ltr'>(in</span> <span class='ocrx_word' id='word_1_229' title='bbox 1504 2432 1681 2483; x_wconf 90' lang='lat' dir='ltr'>quaestt.</span> 
     </span>
     <span class='ocr_line' id='line_1_28' title="bbox 220 2495 1682 2553; baseline 0.002 -15"><span class='ocrx_word' id='word_1_230' title='bbox 220 2497 347 2539; x_wconf 87' lang='lat' dir='ltr'>Arist.</span> <span class='ocrx_word' id='word_1_231' title='bbox 364 2495 484 2553; x_wconf 84' lang='lat'>112):</span> <span class='ocrx_word' id='word_1_232' title='bbox 507 2496 644 2549; x_wconf 85' lang='lat' dir='ltr'>„Nam</span> <span class='ocrx_word' id='word_1_233' title='bbox 665 2497 758 2551; x_wconf 85' lang='lat' dir='ltr'>quis</span> <span class='ocrx_word' id='word_1_234' title='bbox 776 2499 943 2539; x_wconf 86' lang='lat' dir='ltr'>tandem</span> <span class='ocrx_word' id='word_1_235' title='bbox 959 2500 1112 2549; x_wconf 87' lang='lat' dir='ltr'>credat,</span> <span class='ocrx_word' id='word_1_236' title='bbox 1132 2497 1452 2551; x_wconf 86' lang='lat' dir='ltr'>Aristophanem</span> <span class='ocrx_word' id='word_1_237' title='bbox 1470 2498 1615 2540; x_wconf 86' lang='lat' dir='ltr'>Nubes</span> <span class='ocrx_word' id='word_1_238' title='bbox 1635 2500 1682 2550; x_wconf 78' lang='lat' dir='ltr'>L,</span> 
     </span>
    </p>
   </div>
   <div class='ocr_carea' id='block_1_4' title="bbox 219 2598 499 2605">
    <p class='ocr_par' dir='ltr' id='par_1_4' title="bbox 219 2598 499 2605">
     <span class='ocr_line' id='line_1_29' title="bbox 219 2598 499 2605; baseline 0 461"><span class='ocrx_word' id='word_1_239' title='bbox 219 2598 499 2605; x_wconf 95' lang='lat' dir='ltr'> </span> 
     </span>
    </p>
   </div>
   <div class='ocr_carea' id='block_1_5' title="bbox 221 2633 1684 2741">
    <p class='ocr_par' dir='ltr' id='par_1_5' title="bbox 221 2633 1684 2741">
     <span class='ocr_line' id='line_1_30' title="bbox 336 2633 1683 2681; baseline 0.001 -12"><span class='ocrx_word' id='word_1_240' title='bbox 336 2635 369 2679; x_wconf 86' lang='lat'>¹)</span> <span class='ocrx_word' id='word_1_241' title='bbox 393 2634 456 2670; x_wconf 91' lang='lat' dir='ltr'>Ad</span> <span class='ocrx_word' id='word_1_242' title='bbox 479 2644 633 2670; x_wconf 86' lang='lat' dir='ltr'>versum</span> <span class='ocrx_word' id='word_1_243' title='bbox 662 2633 731 2669; x_wconf 83' lang='lat'>523</span> <span class='ocrx_word' id='word_1_244' title='bbox 756 2634 917 2671; x_wconf 84' lang='lat' dir='ltr'>Carolus</span> <span class='ocrx_word' id='word_1_245' title='bbox 948 2634 1120 2681; x_wconf 87' lang='lat' dir='ltr'>Agthius</span> <span class='ocrx_word' id='word_1_246' title='bbox 1151 2634 1254 2671; x_wconf 84' lang='lat' dir='ltr'>haud</span> <span class='ocrx_word' id='word_1_247' title='bbox 1281 2634 1411 2680; x_wconf 81' lang='lat' dir='ltr'>inepte</span> <span class='ocrx_word' id='word_1_248' title='bbox 1438 2635 1594 2681; x_wconf 84' lang='lat' dir='ltr'>conjicit</span> <span class='ocrx_word' id='word_1_249' title='bbox 1624 2635 1683 2681; x_wconf 91' lang='lat' dir='ltr'>(in</span> 
     </span>
     <span class='ocr_line' id='line_1_31' title="bbox 221 2690 1684 2741; baseline 0.001 -13"><span class='ocrx_word' id='word_1_250' title='bbox 221 2690 371 2729; x_wconf 86' lang='lat' dir='ltr'>schedis</span> <span class='ocrx_word' id='word_1_251' title='bbox 411 2691 613 2738; x_wconf 85' lang='lat' dir='ltr'>Aristoph.</span> <span class='ocrx_word' id='word_1_252' title='bbox 657 2691 764 2729; x_wconf 85' lang='lat' dir='ltr'>Gott.</span> <span class='ocrx_word' id='word_1_253' title='bbox 808 2693 936 2738; x_wconf 85' lang='lat'>1863):</span> <span class='ocrx_word' id='word_1_254' title='bbox 980 2706 1067 2741; x_wconf 75' lang='grc' dir='ltr'>πρω</span> <span class='ocrx_word' id='word_1_255' title='bbox 1043 2693 1118 2729; x_wconf 81' lang='grc' dir='ltr'>ώτ</span> <span class='ocrx_word' id='word_1_256' title='bbox 1107 2708 1148 2740; x_wconf 65' lang='grc' dir='ltr'>[ς</span> <span class='ocrx_word' id='word_1_257' title='bbox 1189 2692 1243 2740; x_wconf 62' lang='grc' dir='ltr'>’[Ξί</span> <span class='ocrx_word' id='word_1_258' title='bbox 1247 2691 1304 2729; x_wconf 80' lang='grc' dir='ltr'>ωσ’</span> <span class='ocrx_word' id='word_1_259' title='bbox 1337 2691 1458 2739; x_wconf 61' lang='lat' dir='ltr'>&amp;vara</span> <span class='ocrx_word' id='word_1_260' title='bbox 1452 2691 1497 2729; x_wconf 68' lang='grc' dir='ltr'>ἰἐ</span> <span class='ocrx_word' id='word_1_261' title='bbox 1553 2697 1635 2739; x_wconf 80' lang='grc' dir='ltr'>μᾶς</span> <span class='ocrx_word' id='word_1_262' title='bbox 1664 2693 1684 2740; x_wconf 78' lang='grc' dir='ltr'>ἢ</span> 
     </span>
    </p>
   </div>
   <div class='ocr_carea' id='block_1_6' title="bbox 115 2752 782 2803">
    <p class='ocr_par' dir='ltr' id='par_1_6' title="bbox 115 2752 782 2803">
     <span class='ocr_line' id='line_1_32' title="bbox 115 2752 782 2803; baseline 0.002 -20"><span class='ocrx_word' id='word_1_263' title='bbox 115 2780 148 2803; x_wconf 9' lang='grc' dir='ltr'>,ἢ</span> <span class='ocrx_word' id='word_1_264' title='bbox 222 2753 371 2797; x_wconf 73' lang='grc' dir='ltr'><em>παρέσχε</em></span> <span class='ocrx_word' id='word_1_265' title='bbox 396 2766 458 2793; x_wconf 64' lang='lat' dir='ltr'>,uuo</span> <span class='ocrx_word' id='word_1_266' title='bbox 482 2752 582 2797; x_wconf 77' lang='grc' dir='ltr'><em>ἕνργο</em></span> <span class='ocrx_word' id='word_1_267' title='bbox 608 2753 671 2784; x_wconf 74' lang='grc' dir='ltr'>πλε</span> <span class='ocrx_word' id='word_1_268' title='bbox 677 2755 782 2785; x_wconf 83' lang='grc' dir='ltr'><em>ἴστον.</em></span> 
     </span>
    </p>
   </div>
  </div>
 </body>
</html>
