1870 3066
215 136 246 192 8

216 285 472 341 temporibus
503 297 550 324 ac
581 285 705 325 bellis
736 286 898 326 animus
930 286 1137 339 excitatur
1176 286 1471 339 ingeniumque
1513 284 1685 338 acuitur,

214 354 274 394 ita
304 354 427 394 bellis
458 353 636 395 Persicis
671 355 714 394 id
745 353 935 395 effectum
968 357 1069 405 erat,
1117 357 1162 394 ut
1193 354 1484 406 Athenienses,
1532 356 1686 410 quippe

216 423 288 476 qui
317 423 507 470 hostibus
548 424 601 463 ad
635 424 884 465 Marathona
925 427 966 465 et
998 423 1415 475 Salaminadevietis·
1456 425 1632 479 patriam
1662 439 1686 465 e

216 492 401 546 periculo
452 492 717 546 eripuissent,
773 493 824 533 ad
875 505 1080 534 summam
1129 494 1379 547 potestatem
1429 494 1687 548 gloriamque

215 562 486 615 pervenirent
530 564 575 602 et
617 562 895 616 principatum
934 563 1060 604 totius
1089 564 1179 603 fere
1209 560 1410 604 Graeciae
1440 563 1686 614 obtinerent,

217 643 343 683 quem
389 630 575 671 universi
620 628 783 681 Graeci,
832 632 871 672 si
920 644 946 671 a
988 631 1403 685 Peloponnensibus‘
1432 632 1686 682 discesseris,

217 710 311 739 cum
371 701 541 753 propter
585 698 818 740 Pausaniae
863 700 1100 754 superbiam
1148 703 1237 742 tum
1281 702 1451 754 propter
1492 701 1688 742 Aristidis

217 769 471 822 aequitatem
501 768 551 809 iis
583 769 783 809 obtulere.
838 769 944 810 Inde
967 757 1284 810 Atheniensium
1315 770 1501 824 potentia
1538 770 1688 811 mirum

217 844 419 893 quantum
449 840 571 879 aucta
600 842 677 896 est,
709 844 786 878 nec
817 839 1166 893 prudentissimus
1198 840 1376 892 quisque
1405 840 1449 880 in
1478 852 1525 880 re
1554 839 1688 893 publi-

217 920 267 948 ca
306 908 371 948 vir
410 908 584 961 patriam
621 909 709 962 jam
749 908 939 949 omnibus
978 909 1106 963 copiis
1146 909 1359 950 valentem
1395 908 1447 949 ad
1484 917 1689 949 summam

217 991 357 1018 rerum
388 977 705 1030 amplitudinem
735 991 783 1018 ac
817 979 1135 1031 prosperitatem
1170 992 1252 1019 non
1283 979 1489 1032 provexit.
1547 976 1689 1031 Atque

218 1048 386 1100 praeter
416 1049 591 1097 ceteros,
637 1046 746 1100 quod
784 1046 826 1087 in
857 1047 1011 1088 civium
1052 1060 1220 1088 suorum
1251 1047 1398 1088 animis
1439 1046 1689 1101 elegantiam
1726 1101 1728 1103 v

219 1115 361 1156 alebat
401 1118 445 1156 et
482 1116 749 1167 accendebat,
794 1116 932 1157 floruit
972 1116 1168 1168 Pericles,
1217 1130 1310 1157 cum
1356 1116 1588 1170 perficeret,
1645 1116 1694 1157 ut'

219 1197 347 1225 aurea
384 1185 459 1225 illa
489 1186 639 1226 artium
681 1186 998 1239 litterarumque
1038 1189 1153 1226 aetas
1197 1186 1373 1226 oriretur
1413 1184 1691 1225 Athenarum—

219 1267 302 1308 que
342 1254 442 1306 urbs
474 1254 742 1295 humanitatis
773 1255 896 1295 sedes
936 1268 984 1295 ac
1015 1255 1268 1296 domicilium
1296 1254 1428 1305 fieret,
1459 1267 1541 1307 quo
1571 1253 1691 1307 quasi

219 1325 263 1364 in
307 1324 518 1365 theatrum
573 1324 753 1365 artifices
809 1326 957 1377 poe'tae
1004 1326 1188 1364 oratores
1230 1324 1387 1377 ingenii
1430 1335 1556 1377 opera
1596 1336 1691 1363 eon-

218 1393 378 1434 ferrent
418 1395 461 1434 et
496 1394 543 1433 ut
573 1393 847 1447 disputarent,
878 1394 1068 1434 rhetores
1089 1396 1131 1434 et
1151 1393 1388 1448 philosophi
1409 1393 1690 1434 convenirent.

220 1463 280 1503 At
322 1463 365 1502 in
395 1462 486 1516 ipso
532 1463 765 1503 litterarum
804 1462 906 1502 flore
951 1464 1088 1516 prisca
1125 1463 1259 1503 virtus
1303 1462 1436 1515 magis
1476 1464 1518 1502 et
1557 1462 1691 1515 magis

221 1531 350 1573 dilabi
380 1531 528 1585 coepit,
561 1544 668 1585 quae
698 1546 780 1572 non
815 1531 857 1572 in
898 1533 1058 1586 opibus,
1100 1532 1269 1584 divitiis,
1316 1532 1473 1585 ingenii
1512 1531 1690 1582 dotibus,

222 1601 298 1641 sed
341 1600 385 1640 in
415 1600 656 1653 frugalitate
695 1605 820 1654 atque
864 1602 1117 1654 integritate,
1161 1602 1203 1641 in
1241 1602 1413 1641 deorum
1442 1600 1692 1649 reverentia,

221 1668 381 1723 patriae
413 1681 565 1720 amore,
602 1665 839 1710 obedientia
867 1672 1022 1724 legum,
1063 1671 1220 1725 pietate
1250 1683 1351 1724 erga
1380 1672 1575 1724 parentes
1606 1682 1692 1710 cer-

221 1738 347 1787 nitur;
399 1738 541 1792 itaque
582 1730 735 1790 evenit,
766 1743 814 1780 ut
843 1740 898 1791 id,
939 1741 1050 1794 quod
1078 1740 1236 1794 ingenii
1266 1739 1426 1780 cultum
1457 1739 1691 1793 adjuverat,

221 1808 274 1849 ad
304 1808 629 1862 corrumpendos
660 1822 797 1849 mores
837 1810 1062 1864 plurimum
1093 1810 1266 1851 valeret.
1327 1808 1450 1856 Quod
1487 1808 1692 1862 quomodo

219 1879 377 1918 factum
409 1878 475 1929 sit,
508 1878 696 1917 breviter
724 1890 967 1931 percurrere
999 1879 1111 1919 libet.

337 1944 467 1992 Solon
502 1960 630 2000 quum
674 1947 931 1989 moderatam
975 1948 1092 1989 illam
1122 1946 1327 1988 libertatis
1366 1946 1562 2001 speciem,
1609 1958 1694 2000 qua

220 2015 363 2069 populi
411 2015 581 2056 licentia
610 2017 662 2056 ab
694 2017 974 2069 optimatibus,
1022 2016 1282 2070 optimatium
1327 2016 1455 2056 libido
1485 2028 1510 2055 a
1540 2016 1693 2069 populo

221 2085 493 2136 coerceretur,
524 2084 788 2138 instituisset,
818 2086 892 2126 illa
911 2087 1052 2126 tamen
1068 2085 1175 2139 juris
1200 2084 1476 2138 aequabilitas
1497 2084 1694 2125 diuturna

222 2167 304 2195 non
343 2156 445 2205 erat,
490 2154 566 2194 sed
609 2168 702 2194 cum
744 2166 769 2194 a
814 2155 1018 2208 tyrannis,
1064 2154 1136 2207 qui
1175 2154 1351 2194 insecuti
1395 2155 1504 2205 sunt,
1549 2157 1639 2194 tum
1668 2166 1694 2194 a

223 2223 439 2266 Clisthene
486 2223 664 2277 aliisque
694 2223 809 2275 viris,
858 2224 930 2277 qui
974 2223 1132 2264 civitati
1174 2222 1456 2277 praefuerunt,
1499 2222 1693 2278 salutaris

220 2294 296 2335 illa
326 2294 570 2347 temperatio
603 2294 825 2344 exstincta,
865 2294 1009 2347 populi
1039 2292 1227 2333 tributim
1254 2292 1517 2332 describendi
1545 2293 1693 2333 modus

223 2363 414 2403 sublatus
445 2365 522 2415 est,
563 2377 643 2417 quo
675 2363 814 2414 fiebat,
855 2366 903 2403 ut
933 2361 1193 2416 optimatium
1223 2361 1492 2414 auctoritatae
1529 2361 1572 2402 in
1603 2362 1692 2402 dies

221 2433 358 2486 magis
379 2433 738 2483 comminueretur,
761 2434 986 2485 augeretur
1007 2433 1145 2471 autem
1165 2430 1310 2485 populi
1329 2430 1525 2484 potentia.
1575 2429 1709 2471 Haec-

221 2502 377 2543 civium
408 2501 682 2554 aequabilitas
725 2502 824 2542 licet
853 2500 1109 2555 temporibus
1141 2497 1244 2540 belli
1273 2499 1441 2550 Persici,
1486 2502 1534 2540 ut
1563 2499 1693 2540 Athe-

221 2572 392 2613 nienses
423 2569 679 2612 Graecorum
715 2570 993 2624 principatum
1030 2569 1111 2610 sibi
1150 2570 1451 2622 compararent,
1498 2567 1693 2619 effecerit,

221 2641 398 2682 victoria
446 2642 586 2680 tamen
632 2642 843 2694 reportata
887 2653 942 2680 ex
994 2639 1183 2679 hostibus
1229 2638 1370 2678 omnia
1414 2638 1690 2678 mutabantur.

222 2710 332 2753 Nam
369 2722 498 2764 quum
545 2708 695 2749 divites
726 2721 945 2763 pauperes,
992 2707 1155 2749 nobiles
1186 2706 1365 2747 humiles
1411 2706 1501 2761 pari
1546 2706 1694 2747 ardore
