1870 3066
1582 180 1646 229 15

303 321 509 364 Concedo·
526 320 669 362 comici
705 334 799 362 esse
830 322 961 362 vitam
996 322 1219 362 humanam
1250 322 1424 375 ejiisque
1454 321 1556 363 vitia
1585 322 1645 363 ita

186 390 383 447 imitando
414 388 614 442 effingere
644 391 769 444 atque
799 391 1046 445 exprimere,
1077 392 1135 441 ut,
1166 390 1238 444 qui
1264 391 1497 444 spectatum
1518 403 1643 431 vene-

186 463 281 513 rint,
314 472 365 501 ea
392 472 439 499 re
469 459 740 511 delectentur,
770 472 890 513 porro
921 461 1121 501 comicum
1151 460 1242 513 cogi
1266 473 1333 500 res
1363 472 1646 514 personasque

187 543 274 573 non*
298 529 554 579 abstractas,
572 529 621 568 ut
648 528 988 584 philosophorum
1012 542 1126 570 more
1146 530 1304 582 loquar,
1336 529 1411 569 sed
1431 534 1644 569 concretas

125 602 131 606 ”
185 600 398 641 inducere:
440 597 533 651 quis
572 609 672 638 vero
714 600 786 638 aut
825 610 1029 651 quaenam
1071 598 1171 638 artis
1201 599 1275 638 lex
1307 596 1518 638 Socratem
1550 610 1643 638 cum

185 655 380 723 sophistis
401 666 654 708 confundere
673 667 839 720 poetam
859 667 1022 720 coegit?
1080 665 1187 707 Puto
1210 667 1413 719 equidem,
1433 680 1517 707 non
1539 679 1643 720 opus

183 738 313 778 fuisse
350 739 439 777 arte
478 736 640 790 poetica
675 734 994 790 Aristophanea,
1036 738 1083 776 ut
1125 734 1308 776 Socratis
1347 735 1565 778 honestate
1595 749 1643 775 ac

184 807 385 861 dignitate
414 818 497 847 non
527 805 770 860 impugnata
798 806 877 860 ipsi
908 818 1069 847 morum
1102 804 1353 859 corruptioni
1382 804 1560 860 impetus
1583 807 1643 846 in-

183 864 380 917 ferretur:
413 877 526 915 certe
555 876 725 915 minoris
755 875 912 927 ingenii
940 877 1067 927 poeta
1088 874 1130 914 id
1152 875 1230 914 sibi
1252 875 1505 927 propositum
1527 888 1643 927 pera-

183 959 282 1000 gere
312 944 456 1000 potuit.
518 943 604 985 Sed
634 943 828 997 quoniam
855 944 897 984 id
917 943 1071 985 factum
1093 944 1169 995 est,
1200 956 1336 996 neque
1357 944 1504 997 putare
1523 943 1641 984 nobis

183 1017 292 1066 licet,
322 1015 441 1055 illum
472 1015 660 1055 consulto
691 1026 739 1054 ac
769 1014 973 1058 malitiose
996 1012 1156 1053 Socrati
1182 1014 1375 1066 injuriam
1395 1013 1641 1066 imposuisse

183 1086 254 1125 aut
283 1084 374 1126 odio
406 1083 584 1137 quodam
605 1083 675 1125 vel
697 1082 843 1123 Meleti
873 1084 914 1123 et
935 1081 1077 1137 Anyti,
1110 1082 1181 1137 qui
1201 1082 1349 1136 viginti
1370 1082 1501 1123 tribus
1523 1082 1641 1123 annis

181 1156 276 1207 post
294 1153 587 1207 philosophum
608 1153 753 1205 capitis
775 1154 1086 1203 accusaverunt,
1109 1165 1207 1193 auro
1224 1154 1461 1205 corruptum
1476 1153 1641 1193 fabulae

181 1222 422 1263 scribendae
447 1221 669 1262 consilium
700 1220 871 1276 cepisse,
905 1233 1115 1262 sumamus
1144 1222 1316 1274 oportet,
1348 1220 1437 1261 veri
1459 1219 1640 1262 Socratis

178 1291 354 1344 figuram
384 1292 427 1330 et
457 1290 649 1343 speciem,
680 1290 851 1330 vivendi
880 1291 1081 1330 rationem
1113 1292 1155 1330 et
1185 1290 1524 1330 consuetudinem
1546 1303 1639 1329 cum

113 1381 115 1383 >
179 1359 457 1413 sophistarum
506 1359 687 1399 moribus
737 1358 987 1412 permisceri,
1038 1360 1096 1399 ita
1140 1360 1291 1409 tamen,
1338 1360 1382 1398 ut
1430 1359 1641 1412 personati

178 1427 411 1482 philosophi
470 1427 726 1469 adumbratio
780 1440 863 1468 non
915 1430 1027 1468 esset
1077 1428 1157 1468 nisi
1210 1427 1416 1468 erroribus
1462 1427 1641 1468 obducta

179 1498 302 1550 atque
333 1496 509 1537 turbata.
569 1496 762 1537 Mancam
792 1497 922 1549 igitur
952 1499 995 1537 et
1025 1499 1183 1537 curtam
1213 1497 1325 1537 illius
1357 1496 1436 1536 viri
1467 1496 1639 1536 exhibet

176 1565 400 1619 imaginem
421 1566 511 1619 ejus
539 1566 872 1617 dissimillimam,
905 1573 1011 1620 quae
1035 1567 1182 1607 animis
1203 1566 1355 1607 nostris
1378 1579 1433 1605 ex
1454 1565 1638 1606 Platonis

176 1633 550 1689 Xenophontisque
588 1635 751 1689 scriptis
779 1635 1036 1677 obversatur.
1097 1634 1216 1682 Quae
1252 1647 1346 1675 cum
1375 1635 1637 1687 legissemus,

174 1703 280 1743 illud
309 1703 431 1743 facile
461 1704 759 1754 intelleximus,
792 1703 1005 1744 Socratem
1027 1706 1209 1744 omnium
1230 1702 1485 1744 Graecorum
1506 1704 1638 1758 philo-

176 1771 399 1826 sophorum
444 1773 622 1826 primum
668 1772 720 1813 de
766 1773 944 1813 humano
990 1773 1207 1814 intellectu
1259 1773 1435 1826 ejusque
1490 1774 1639 1813 natura

177 1838 421 1895 diligentius
453 1842 711 1895 quaesivisse
742 1855 873 1895 eoque
904 1842 1025 1882 modo
1056 1842 1296 1882 universam
1316 1841 1638 1895 philosophandi

175 1910 389 1964 rationem,
422 1923 529 1966 quae
550 1913 673 1952 antea
702 1911 860 1952 incerta
890 1924 938 1952 ac
968 1911 1093 1952 dubia
1122 1905 1322 1952 titubaret
1344 1912 1387 1951 et
1406 1910 1635 1962 vacillaret,

176 1981 308 2033 magis
345 1981 654 2021 confirmavisse
694 1983 818 2033 atque
854 1981 1119 2021 stabilivisse.
1199 1980 1256 2020 Et
1293 1966 1386 2019 cum
1426 1980 1635 2034 sophistae

174 2049 362 2103 speciosa
406 2049 585 2103 quadam
630 2048 868 2103 disputandi
911 2050 1071 2090 ratione
1117 2049 1254 2089 omnia
1289 2049 1471 2089 humana
1509 2053 1634 2103 atque

175 2117 315 2159 divina
344 2119 596 2160 labefactare
632 2120 866 2174 coepissent
903 2132 1125 2172 rerumque
1164 2118 1353 2160 notiones
1393 2121 1634 2172 pervertere

175 2188 217 2227 ct
245 2188 489 2242 perturbare
520 2180 610 2229 ausi
647 2190 799 2241 essent,
836 2189 879 2229 in
920 2188 1053 2229 omnis
1092 2201 1231 2228 rerum
1272 2185 1499 2241 sapientiae
1540 2201 1634 2242 pos-

174 2256 358 2304 sessione
395 2271 489 2298 sese
521 2258 743 2312 Jactantes,
784 2258 939 2299 factum
970 2260 1046 2309 est,
1088 2259 1135 2297 ut
1174 2256 1430 2299 audientium
1474 2257 1632 2298 animos

174 2327 426 2367 orationibus
457 2328 646 2368 omnibus
674 2328 838 2368 dicendi
856 2327 1107 2368 ornamentis
1130 2326 1343 2366 instructis
1364 2326 1634 2366 obcaecarent

174 2395 216 2434 ct
244 2408 397 2449 magna
426 2396 668 2438 auctoritate
699 2396 777 2437 sibi
807 2398 1044 2451 comparata
1073 2396 1298 2436 multorum
1322 2394 1526 2448 juvenum
1547 2395 1632 2435 ani-

172 2475 261 2505 mos
290 2478 421 2519 prava
441 2478 517 2507 sua
546 2466 748 2520 sapientia
775 2466 1019 2505 imbuerent.
1070 2464 1130 2505 At
1156 2464 1360 2514 socrates,
1393 2476 1519 2516 quam
1545 2465 1631 2505 vim

171 2531 252 2575 ista
267 2535 545 2590 sophistarum
566 2534 739 2576 docendi
759 2534 910 2575 levitas
932 2534 985 2574 ad
1001 2533 1267 2588 juventutem
1289 2533 1632 2587 corrumpendam

173 2608 406 2656 exerceret,
457 2619 552 2646 cum
600 2604 899 2659 perspexisset,
961 2617 1042 2657 quo
1087 2607 1176 2645 erat
1227 2604 1385 2657 ingenii
1444 2604 1632 2646 acumine

167 2669 395 2728 judiciique
425 2674 616 2726 sanitate,
646 2687 746 2724 mox
775 2673 997 2725 intellexit,
1039 2673 1189 2727 quibus
1227 2673 1340 2714 vitiis
1378 2673 1459 2715 ista
1495 2673 1631 2727 sophi-

171 2741 328 2784 starum
343 2743 663 2798 philosophandi
678 2744 781 2785 ratio
796 2744 1017 2806 laboraret,
1038 2744 1172 2797 iisque
1188 2744 1352 2785 exstitit
1367 2743 1629 2784 adversarius
