1870 3066
234 132 301 183 24

235 273 348 315 bicae
389 285 555 326 operam
595 273 805 313 navabant
842 273 1022 324 (Schol.).
1089 274 1140 313 In
1195 274 1396 326 ejusmodi
1436 275 1685 314 nebulonum

235 345 276 384 et
305 341 524 396 planorum
555 354 770 383 numerum
800 342 1007 384 referendi
1036 345 1133 384 sunt
1164 342 1203 394 ii,
1228 342 1305 396 qui
1335 355 1359 383 a
1388 345 1511 397 poeta
1529 358 1684 398 μετεω-

234 411 447 468 ρολέσχαι,
502 414 889 469 μετεωροφένακες,
945 412 1358 469 μετεωροσοφισταί,
1419 401 1684 469 ἆερολέσχαι,

234 476 465 537 ἀδολέσχαι
485 481 760 535 appellantur.
811 481 873 522 De
895 479 1050 536 Gorgia
1081 481 1237 533 eodem,
1269 481 1351 535 qui,
1384 481 1436 523 de
1466 494 1547 536 qua
1576 482 1686 536 quis-

234 565 315 604 que
344 564 389 591 re
420 552 563 592 audire
592 549 792 601 vellet‚²⁰')
831 552 981 593 docere
1021 565 1067 592 se
1096 565 1220 605 posse
1249 551 1529 605 profitebatur,
1562 553 1685 593 etiam

235 621 457 662 memoriae
501 621 709 675 proditum
724 624 822 673 ''est,
869 635 963 662 eum
998 621 1123 675 pallio
1169 634 1374 675 purpureo
1418 622 1607 662 indutum
1644 627 1687 663 et
1746 615 1748 617 ’

233 691 381 733 calceis
397 691 533 730 aureis
553 691 594 731 in
616 691 825 743 publicum
845 691 1033 744 prodisse
1055 691 1291 740 (Deuschle‚
1315 689 1480 731 Einleit.
1498 703 1593 745 pag.
1608 693 1684 741 3.);

234 772 331 800 uam
361 763 408 800 ut
446 759 657 813 ingenium
688 762 730 801 et
761 761 902 812 oratio,
939 761 998 801 ita
1027 760 1191 800 habitus
1226 762 1269 799 et
1298 759 1455 808 cultus;
1503 760 1686 803 studiose

236 830 577 872 vestimentorum
610 833 799 871 ornatum
840 831 1103 870 sectabantur
1134 835 1174 869 et
1200 829 1353 882 specie,
1373 829 1475 869 lauti
1505 830 1686 883 bellique

233 899 623 950 videri'studebant,
646 903 692 939 ut
713 899 1018 952 magnificentia
1038 912 1085 939 ac
1110 898 1330 952 splendore
1351 899 1490 939 oculos
1512 899 1686 939 animos-

233 981 314 1021 que
345 969 592 1010 discentium
623 969 866 1010 delenirent.
919 968 970 1008 In
1001 982 1048 1009 eo
1078 982 1247 1009 numero
1280 968 1449 1008 dubium
1480 981 1573 1009 esse
1604 982 1685 1010 non

233 1041 382 1091 potest,
434 1038 533 1092 quin
580 1038 743 1089 fuerint,
796 1038 865 1091 qui
910 1038 1104 1078 doctrinis
1149 1038 1234 1078 suis
1279 1037 1434 1078 civitati
1479 1038 1687 1078 maximae

233 1109 375 1148 essent
403 1108 610 1161 perniciei,
642 1110 685 1149 et
713 1108 887 1161 pristina
916 1121 1015 1160 erga
1036 1108 1135 1147 deos
1166 1109 1207 1147 et
1226 1111 1422 1160 parentes
1451 1108 1686 1149 reverentia

236 1189 291 1217 ex
331 1176 478 1218 animis
517 1178 674 1227 evulsa,
721 1177 839 1217 novis
880 1177 957 1217 diis
997 1177 1187 1227 inductis,
1233 1189 1368 1216 mores
1395 1176 1596 1230 juvenum
1627 1177 1686 1218 ita

236 1247 523 1300 depravarent,
555 1250 601 1287 ut
631 1247 683 1287 ad
711 1259 913 1287 summam
943 1246 1167 1300 nequitiam
1198 1246 1363 1286 adducti
1396 1247 1561 1299 saepius
1592 1259 1684 1288 con-

236 1316 448 1357 troversiis
479 1316 713 1357 domesticis
738 1316 1061 1369 implicarentur
1092 1328 1139 1356 ac
1168 1328 1278 1356 nova
1308 1315 1585 1368 sophistarum
1625 1316 1684 1356 in-

237 1385 451 1427 stitutione
482 1398 529 1426 ac
560 1385 744 1427 doctrina
775 1386 965 1426 commoti
1001 1386 1239 1439 parentibus
1270 1385 1462 1426 meliores
1498 1385 1577 1426 sibi
1605 1386 1685 1438 visi

236 1456 372 1494 tantos
403 1455 571 1508 spiritus
603 1456 825 1505 sumerent,
871 1458 917 1495 ut
954 1469 1115 1495 omnem
1155 1455 1197 1496 in
1240 1468 1336 1495 suos
1381 1455 1576 1508 pietatem
1616 1455 1685 1495 ab·

230 1523 418 1577 jicerent.
480 1522 629 1565 Nonne
670 1528 794 1579 poeta
824 1538 862 1566 v,
894 1526 979 1567 844
1010 1524 1109 1565 talia
1140 1523 1313 1565 strictim
1345 1523 1547 1578 designat,
1594 1537 1687 1565 cum

236 1593 518 1648 Strepsiadem
563 1607 587 1634 a
631 1594 715 1635 filio
755 1590 863 1635 male
901 1596 1126 1635 mulcatum
1171 1595 1292 1647 fingit
1328 1597 1370 1635 et
1400 1593 1686 1649 Phidippidem

235 1663 440 1703 dicentem
470 1663 533 1703 fas
564 1677 657 1704 esse
688 1664 812 1705 etiam
851 1667 1025 1705 matrem
1070 1663 1292 1718 vapulare?
1344 1661 1485 1712 Certe3
1533 1663 1685 1704 etenim

233 1732 468 1787 Xenophon
500 1748 662 1787 quoque
692 1734 803 1775 istud
834 1735 999 1784 crimen,
1041 1734 1151 1786 quod
1182 1733 1284 1774 haec
1312 1733 1546 1787 parentium
1576 1734 1685 1773 male

233 1802 538 1842 tractandorum
577 1803 680 1844 ratio
719 1816 741 1842 e
775 1801 955 1844 Socratis
986 1802 1203 1857 disciplina
1232 1804 1322 1843 orta
1351 1801 1418 1852 sit,
1459 1801 1684 1855 propulsat,

232 1884 390 1925 negans
413 1870 626 1913 Socratem
648 1873 836 1913 docuisse
857 1875 1015 1926 patrem
1037 1885 1062 1912 a
1080 1871 1178 1921 filio,
1202 1884 1250 1912 ac
1270 1884 1323 1911 ne
1343 1871 1503 1911 insania
1519 1870 1685 1924 quidem

233 1943 398 1995 captum
418 1941 661 1982 verberibus
691 1942 850 1995 percuti
880 1941 1022 1991 licere;
1055 1941 1255 1992 docuisse,
1287 1937 1344 1990 ὡς
1374 1934 1453 1983 τὸν
1482 1936 1685 1995 ἀμαθέσ-

232 2025 360 2069 τερον
408 2005 493 2054 ὑπὸ
534 2011 613 2054 τοῦ
652 2013 903 2070 σοφωτέρου
947 2007 1139 2067 νόμιμον
1184 2008 1248 2063 εἴη
1294 2008 1507 2053 &abactam
1556 2007 1684 2065 (Xen.

232 2081 357 2123 Mem.
389 2081 425 2132 1,
456 2084 494 2132 2,
527 2078 614 2135 50).

348 2149 630 2203 Quaecunque
672 2151 724 2191 de
754 2150 873 2191 vanis
904 2150 1048 2191 talium
1086 2163 1224 2191 rerum
1269 2149 1416 2191 studiis
1457 2149 1557 2199 dixi,
1602 2162 1684 2190 non

231 2218 274 2258 in
318 2216 543 2270 Socratem,
590 2220 663 2261 sed
708 2220 750 2262 in
796 2219 1003 2275 sophistas
1049 2220 1262 2273 quadrant.
1338 2217 1529 2261 Socrates
1574 2219 1684 2263 enim

232 2300 396 2340 semper
423 2289 466 2328 in
494 2289 607 2331 vitae
646 2290 738 2329 luce
771 2290 895 2341 atque
930 2288 1140 2329 homiuum
1170 2288 1410 2330 celebritate
1440 2288 1684 2330 versabatur

231 2369 368 2409 neque
388 2357 519 2398 ullum
541 2358 649 2399 diem
670 2357 1037 2411 praetermittebat,
1065 2357 1162 2410 quin
1180 2357 1402 2410 discipulos
1419 2356 1470 2397 ad
1487 2357 1682 2410 pietatem

231 2438 332 2478 erga
362 2425 459 2466 deos
490 2429 781 2480 parentesque,
813 2426 864 2466 ad
891 2426 1105 2479 justitiam,
1136 2426 1464 2479 temperantiam,
1497 2426 1683 2481 aliasque

231 2508 337 2547 quae
361 2494 414 2535 ad
435 2496 546 2537 vitae
568 2496 808 2537 felicitatem
829 2497 1086 2550 pertinerent
1105 2509 1171 2535 res
1192 2496 1435 2550 impelleret.
1471 2494 1682 2538 Socratem

231 2577 329 2618 ergo
365 2565 632 2618 juventutem
663 2566 893 2620 corrupisse
939 2569 1063 2618 atque
1092 2564 1290 2617 effecisse,
1335 2567 1381 2605 ut
1410 2565 1527 2619 leges
1558 2578 1583 2606 a
1611 2577 1681 2620 pa-

347 2714 396 2759 10)
423 2714 540 2759 Gorg.
565 2714 644 2749 447.
683 2714 722 2749 C.
