1870 3066
1520 204 1584 251 33

143 343 366 384 Lucianum
407 340 602 398 (vitarum
633 344 778 394 auctio,
813 345 876 395 15,
909 342 1054 399 55514)
1095 343 1283 385 Socrates
1319 345 1581 398 gloriaretur:

142 407 434 470 παιδεράστής
454 414 542 468 εἶμι
556 412 629 455 καὶ
642 408 779 473 σοφὸς
794 408 849 455 τὰ
866 410 1062 470 &pm-moi:
1086 419 1224 455 tamen
1241 418 1361 469 poeta
1376 415 1585 468 aliquanto

144 482 329 525 acerbius
340 481 382 523 in
392 480 600 523 Socratem
616 483 804 524 invectus
815 483 914 524 mihi
930 497 1020 524 esse
1029 485 1203 536 videtur,
1220 485 1371 539 quippe
1388 497 1480 524 cum
1496 484 1532 538 ej
1538 497 1585 524 us

145 550 346 605 discipuli,
367 553 414 592 ut
433 550 679 603 Alcibiades,
700 554 746 593 ut
767 551 1036 607 Chaerephon
1058 551 1185 608 (unde
1206 554 1296 607 ejus
1315 554 1460 607 pallor,
1484 551 1586 607 103)

144 620 195 661 ab
242 619 413 660 istorum
456 619 704 673 flagitiorum
749 622 979 676 suspicione
1023 623 1132 662 haud
1176 635 1276 662 sane
1320 622 1588 663 abhorrerent

144 689 398 743 eandemque
428 689 590 730 foedam
620 693 749 731 artem
780 691 830 731 ab
860 691 931 732 illo
954 691 1146 731 didicisse
1167 691 1409 732 dicerentur.
1460 690 1585 731 Porro

142 760 184 801 in
225 760 364 801 fabula
404 772 479 801 sua
509 759 826 814 Aristophanem
859 760 907 802 id
949 761 1096 814 egisse,
1143 765 1190 801 ut
1226 761 1445 816 discipulos
1477 762 1586 815 apud

145 829 354 871 Socratem
386 830 486 871 nihil
516 831 629 872 aliud
654 830 810 872 discere
842 831 1007 872 doceret
1035 830 1113 871 nisi
1144 830 1390 885 turpissimis
1420 830 1587 884 flagitiis

143 902 267 953 atque
289 900 635 941 obscoenissimis
674 900 955 955 voluptatibus
1000 901 1379 954 pollutionibusque
1424 903 1587 955 tempus

142 968 287 1010 fallere
317 970 557 1023 putaverim.
608 969 823 1024 Ejusmodi
843 972 965 1020 artes,
997 973 1042 1010 ut
1073 970 1131 1010 ita
1151 970 1295 1021 dicam,
1328 969 1587 1024 Strepsiades

119 1039 182 1086 ,in
214 1039 315 1079 actis
346 1038 534 1086 Nubibus
564 1042 761 1079 tractasse
801 1040 1033 1092 talibusque
1064 1039 1342 1093 Phidippides,
1384 1054 1506 1093 quem
1542 1041 1585 1080 in

142 1108 439 1171 superstitibus.
461 1110 633 1162 uterque
665 1107 807 1150 Sermo
840 1110 994 1161 edocet,
1026 1122 1050 1149 a
1081 1108 1250 1156 Socrate
1279 1109 1459 1150 imbutus
1491 1122 1584 1150 esse

68 1213 74 1221 .
141 1177 346 1222 videtur.-
424 1198 429 1203 ¹

248 1247 321 1297 ‚De
342 1248 529 1289 extrema
549 1247 688 1289 fabula
707 1248 961 1303 respexerim
983 1248 1033 1289 ad
1055 1247 1242 1288 Photium
1275 1249 1381 1302 (pag.
1399 1250 1496 1300 318,
1515 1248 1585 1299 11)

144 1323 199 1357 ex
230 1318 418 1358 Nubibus
450 1319 589 1371 primis
621 1318 877 1359 afferentem:

288 1394 293 1401 '
329 1407 331 1409 v
412 1383 481 1437 ’Eg
513 1382 593 1439 τὴν
612 1382 824 1446 Πάρνηθ’
844 1384 1125 1446 ὀργισθεῖσαι
1145 1385 1333 1447 φροῦδαι
1364 1380 1477 1428 κατὰ
1509 1380 1586 1428 τὸν

1058 1459 1061 1463 ’
1193 1452 1502 1510 Λυκαβηττόν,

143 1525 329 1580 ideoque·
350 1525 492 1568 Nubes
522 1527 646 1568 iratas
675 1527 716 1568 in
747 1526 908 1569 Atticae
938 1530 1109 1578 montes,
1141 1526 1250 1567 unde
1280 1540 1318 1569 v,
1350 1528 1432 1568 323
1464 1516 1587 1567 vene-

143 1599 246 1647 rant,
278 1597 413 1636 abisse
444 1598 686 1650 conjecerim
717 1621 773 1627 ——-
803 1610 930 1650 quare
960 1593 1228 1641 dubitandum
1259 1600 1340 1636 non
1375 1599 1450 1646 est,
1489 1597 1587 1648 quin

143 1665 220 1707 iste
255 1679 401 1716 versus
441 1667 557 1719 (323)
596 1667 647 1708 ad
688 1667 843 1721 priores
879 1665 1021 1708 Nubes
1062 1665 1266 1720 pertineat
1296 1688 1351 1694 —
1381 1665 1589 1719 ceteroqui

145 1735 424 1791 Strepsiadem
469 1737 588 1778 domo
635 1736 813 1777 Socratis
858 1750 938 1777 non
990 1735 1240 1784 inflammata
1283 1737 1336 1776 ad
1378 1736 1590 1776 meliorem

142 1806 303 1861 frugem
334 1821 379 1848 se
409 1807 625 1862 recepisse.
686 1806 839 1848 Facere
879 1807 1004 1860 igitur
1034 1819 1115 1847 non
1147 1819 1326 1860 possum,
1368 1805 1467 1859 quin
1497 1818 1589 1846 cum

143 1875 382 1929 BuechlerQ
429 1878 498 1931 qui
527 1878 610 1917 illis
641 1878 777 1917 verbis
818 1876 1088 1932 ‚,xst'os0·30v
1108 1872 1250 1932 ὥσπερ
1279 1877 1421 1927 πηνίω
1451 1890 1588 1918 κινου-

140 1947 282 2000 μένω“
314 1947 534 2000 significari
559 1947 662 1998 vult,
697 1942 908 1987 Socratem
930 1944 1370 2001 Chaerephontemque
1399 1946 1441 1986 in
1473 1946 1588 1986 exitu

143 2016 374 2057 comoediae
418 2016 616 2061 mulcatos
658 2030 749 2056 esse
790 2015 966 2056 fustibus
1007 2029 1032 2056 a
1063 2015 1300 2070 Strepsiade
1333 2014 1589 2056 et·Xanthia

142 2098 274 2137 servo,
306 2087 568 2127 consentiam.

256 2155 282 2197 J
286 2168 351 2196 am
394 2168 487 2196 cum
530 2159 718 2197 veterum
762 2155 1009 2209 scriptorum
1055 2154 1288 2196 testimonia
1336 2153 1586 2209 protulerim,

140 2239 246 2279 quae
285 2240 426 2267 ansam
468 2227 673 2280 quandam
710 2226 934 2280 praebeant
975 2226 1027 2267 ad
1066 2225 1405 2279 cognoscendum,
1451 2227 1586 2264 utrum

143 2294 271 2337 verBa
291 2298 342 2337 ab
370 2297 420 2337 iis
441 2298 657 2350 designata
685 2310 708 2337 e
739 2297 883 2350 primis
912 2309 964 2336 an
994 2295 1186 2335 secundis
1208 2294 1395 2335 Nubibus
1425 2295 1589 2346 sumpta

143 2366 236 2417 sint,
283 2368 423 2418 restat,
470 2370 516 2406 ut
561 2366 685 2407 trium
730 2366 972 2420 scriptorum
1012 2365 1150 2404 verbis
1189 2366 1293 2415 utar,
1346 2363 1507 2416 quibus,
1535 2362 1587 2402 ad

144 2434 287 2476 Nubes
333 2448 483 2489 easque
533 2435 688 2488 priores
733 2438 942 2488 spectasse
990 2447 1060 2474 eos
1105 2432 1350 2473 confirmem.
1427 2425 1587 2471 Primus

144 2503 261 2547 Plato
290 2506 332 2546 in
355 2504 556 2560 Apologia
585 2506 654 2554 (19
678 2504 723 2545 Β.
742 2502 803 2553 Ο.)
835 2503 1045 2545 Socratem
1067 2516 1148 2543 non
1168 2502 1297 2555 modo,
1328 2501 1438 2555 quod
1464 2500 1587 2540 rebus

261 2680 309 2726 ¹⁴)
334 2678 379 2714 cf.
406 2677 519 2714 etiam
543 2675 711 2723 Lucian„
738 2675 785 2712 de
809 2674 930 2722 domo,
958 2675 992 2720 4„
1020 2675 1104 2721 1923
1133 2684 1211 2710 ver.
1227 2672 1315 2709 hist.
1333 2672 1387 2719 Π,
1415 2673 1471 2718 19,
1499 2672 1586 2718 166;

143 2734 257 2773 Oonv.
274 2738 332 2781 39,
352 2738 438 2782 4453
465 2736 625 2781 Aeliam,
645 2746 721 2772 var.
739 2734 828 2770 hist.
842 2735 876 2780 4,
895 2736 961 2780 213
987 2733 1099 2779 Diog.
1117 2732 1245 2782 Laert.
1259 2734 1293 2778 2,
1313 2732 1354 2777 53
1380 2730 1587 2776 Plutarch,

143 2793 189 2829 de
215 2794 318 2831 educ.
345 2805 447 2840 puer.
478 2797 537 2840 153
578 2794 700 2831 Schol.
726 2792 923 2839 Aristoph.
948 2793 993 2828 ad
1020 2791 1148 2828 Nubes
1176 2792 1252 2827 186.
1315 2848 1338 2883 3
