1870 3066
1517 173 1585 221 43

703 568 1010 626 Addenda:

252 661 372 704 Hanc
402 676 479 716 ego
509 666 890 706 commentationem
915 665 1002 719 jam
1031 677 1174 704 mense
1204 662 1436 716 Septembri
1468 675 1508 716 p.
1539 675 1575 704 a.

138 731 331 786 scriptam
359 731 695 787 philosophorum
714 734 844 775 ordini
864 733 1153 776 Rostochiensi
1172 731 1451 784 exhibueram,
1482 744 1576 773 cum

137 799 411 842 Brentanonis
439 802 555 852 liber,
586 804 657 856 qui
685 804 917 844 inscribitur
946 801 1350 855 „Untersuchungen
1377 802 1481 841 iiber
1500 801 1575 841 das

137 862 391 924 griechische
428 869 592 923 Drama,
632 870 778 913 Erster
814 871 950 914 Theil:
992 870 1308 926 Aristophanes;
1349 869 1576 912 Frankfurt

137 937 247 994 a.lM.
282 941 418 981 1871“
446 940 489 980 in
508 954 652 981 manus
673 955 786 983 meas
804 943 1003 996 pervenit.
1063 940 1199 987 Quem
1219 940 1367 980 librum
1387 939 1575 980 omnibus

137 1008 345 1050 doctrinae
374 1009 589 1063 praesidiis
614 1005 887 1052 sustentatum
907 1024 955 1052 ac
977 1010 1191 1060 munitum,
1222 1008 1462 1063 praesertim
1482 1020 1575 1049 cum

136 1078 211 1119 vix
240 1079 326 1119 ulla
355 1079 407 1119 de
437 1079 674 1131 quaestione
696 1080 993 1135 Aristophanea
1017 1080 1157 1120 exstet
1175 1077 1421 1127 dissertatio,
1451 1089 1576 1130 quam

102 1156 105 1158 ’
136 1159 217 1187 non
246 1147 568 1201 pervolutaverit
597 1149 853 1189 doctissimus
881 1149 1047 1190 ille·vir
1077 1160 1124 1188 ac
1154 1146 1446 1187 subtilissimus
1467 1145 1576 1199 ejus·

137 1228 216 1268 que
245 1216 443 1257 rationem
473 1220 659 1259 accurate
688 1218 887 1269 habuerit,
917 1230 1076 1258 summa
1106 1216 1283 1270 quadam
1303 1215 1575 1255 delectatione

137 1297 229 1325 cum
268 1286 547 1340 perlegissem,
591 1287 709 1328 illum
747 1299 896 1328 novam
933 1287 1189 1340 eandemque
1225 1298 1250 1327 a
1288 1284 1402 1326 nullo
1440 1283 1575 1325 adhuc

136 1355 393 1409 exploratam
423 1356 531 1397 viam
560 1357 792 1410 ingressum
821 1370 914 1402 esse
940 1357 1142 1407 intellexi,
1173 1368 1256 1409 qua
1275 1354 1458 1395 Nubium
1477 1354 1575 1395 alia·

135 1436 306 1477 rumque
336 1425 588 1479 antiquitatis
614 1426 847 1466 fabularum
866 1426 1188 1476 retractationes,
1218 1424 1422 1478 quomodo
1442 1423 1576 1464 factae

136 1496 287 1545 essent,
323 1494 626 1548 interpretando
664 1495 919 1548 explanaret.
983 1494 1122 1548 Atque
1157 1495 1228 1534 ille
1258 1493 1424 1547 quidem
1453 1493 1575 1546 plura

135 1559 384 1620 Graecorum
420 1563 777 1618 Romanorumque
813 1563 1043 1604 litterarum
1081 1564 1346 1603 monumenta
1384 1574 1432 1602 eo
1458 1563 1576 1602 ‘tem-

133 1644 244 1686 pore,
289 1644 381 1673 cum
420 1632 684 1674 Alexandrea
727 1633 935 1674 doctrinae
978 1633 1110 1686 gloria
1147 1632 1291 1674 orbata
1325 1631 1576 1686 Byzantium

108 1710 112 1713 ’
133 1700 396 1742 humanitatis
426 1701 546 1741 sedes
575 1714 624 1742 ac
652 1701 900 1741 domicilium
927 1700 1058 1753 fieret,
1088 1703 1309 1742 retractata
1338 1703 1462 1755 atque
1491 1703 1575 1741 tur-

56 1795 60 1800 ·
132 1769 242 1826 ‚bata
258 1783 349 1811 esse
378 1772 503 1821 ratus,
533 1770 683 1811 criticis
713 1776 884 1822 novum,
916 1770 960 1811 in
999 1784 1079 1824 quo
1110 1770 1234 1811 armis
1264 1771 1350 1812 suis
1379 1770 1575 1824 congredi

76 1885 81 1888 ¹
110 1840 177 1888 ,et
205 1839 256 1878 de
285 1839 562 1892 Aristophane
591 1839 820 1893 ceterisque
849 1839 1114 1893 scriptoribus
1145 1839 1285 1879 critica
1318 1839 1475 1880 ratione
1504 1838 1575 1879 de-

48 1925 51 1928 ·
133 1908 289 1948 certare
317 1898 482 1959 liceret,
502 1907 696 1962 patefecit
723 1921 924 1964 campum.
983 1907 1075 1963 Ego
1096 1909 1262 1963 quidem
1281 1909 1383 1950 haec
1403 1921 1428 1949 a
1446 1906 1576 1948 Bren-

132 1979 282 2032 tanone
311 1976 585 2030 pronuntiata,
627 1989 720 2035 eum
760 1978 914 2031 aliquid
952 1977 1253 2031 probabilitatis
1282 1980 1406 2032 atque
1435 1980 1574 2018 tamen

71 2034 76 2039 ’
133 2039 395 2086 dubitationis
425 2046 679 2100 aliquantum
719 2047 910 2098 habeant,
948 2047 1126 2088 omnino·
1150 2036 1193 2087 in
1230 2047 1398 2088 dubium
1427 2058 1575 2087 vocare

106 2108 434 2168 'supersederim
453 2115 496 2155 in
531 2115 707 2168 singulis
728 2129 845 2157 -vero
882 2116 1008 2157 rebus
1044 2109 1307 2169 maximeque
1344 2116 1388 2156 in
1417 2115 1575 2155 Aristo-

131 2183 279 2237 phanis
299 2182 489 2224 Nubibus
517 2184 793 2235 recensendis,
825 2185 903 2226 etsi
931 2185 975 2225 in
1005 2183 1083 2224 hac
1112 2185 1454 2225 commentatione
1482 2195 1573 2237 per-

48 2245 55 2250 ’
132 2264 257 2305 saepe
301 2251 454 2292 nullius
497 2252 568 2292 vel
612 2252 849 2306 adjumento
884 2253 955 2294 vel
994 2253 1236 2294 auctoritate
1271 2266 1347 2307 per
1381 2265 1449 2292 me
1484 2252 1574 2306 ipse

127 2320 277 2361 'eadem
306 2319 515 2372 invenisse
543 2321 644 2362 mihi
663 2322 808 2365 videor
826 2336 962 2377 neque
981 2322 1024 2363 in
1044 2322 1254 2363 nonnullis
1273 2322 1397 2363 rebus
1417 2323 1575 2362 mutata

132 2390 320 2444 opinione
364 2384 416 2430 ad
461 2390 552 2443 ejus
596 2392 844 2432 sententiam
883 2390 1079 2432 accedere
1121 2391 1274 2445 dubito,
1319 2391 1455 2432 facere
1491 2402 1573 2430 non

132 2458 313 2514 possum,
344 2458 441 2513 quin
471 2471 564 2499 cum
593 2459 669 2512 illc
703 2460 910 2502 interdum
952 2458 1183 2514 dissideam.
1252 2459 1374 2502 Hanc
1411 2463 1574 2501 senten-

131 2528 281 2586 tiarum
312 2529 639 2581 discrepantiam,
671 2530 781 2569 unde
812 2533 902 2570 orta
930 2530 996 2580 sit,
1027 2529 1176 2582 quibus
1206 2529 1340 2587 causis
1369 2528 1572 2577 fulciatur,

131 2597 253 2639 hodie
283 2596 563 2655 demonstrare
588 2597 686 2651 jam.
706 2600 869 2652 tempus
898 2610 990 2639 esse
1019 2611 1189 2652 negans,
1219 2600 1436 2652 propterea
1464 2594 1574 2649 quod

52 2679 56 2683 ·
132 2667 264 2726 altera
291 2665 402 2707 illius
431 2665 606 2707 auctoris
643 2666 964 2721 disputationum
1000 2679 1096 2721 pars
1134 2667 1315 2708 nondum
1353 2666 1463 2707 edita
1497 2666 1572 2715 est,

130 2739 274 2795 utpote
312 2742 419 2790 quae
458 2748 525 2776 res
566 2735 617 2776 ab
647 2736 793 2777 eodem
823 2736 874 2777 ad
904 2737 983 2777 hoc
1012 2739 1175 2791 tempus
1203 2736 1473 2790 investigatas
1503 2733 1573 2774 ab·
