1870 3066
275 155 344 206 34

271 297 551 339 subterraneis
596 298 721 351 atque
760 297 1011 339 caelestibus
1054 309 1220 352 operam
1259 299 1445 349 navaret,
1491 298 1726 344 accusatum

271 379 364 408 esse
394 373 545 418 narrat,
591 389 649 396 --
692 368 801 420 quod
848 368 1001 407 crimen
1031 378 1122 406 cum
1167 367 1239 408 illo
1281 367 1332 407 ab
1358 366 1660 421 ,Aristophane
1685 367 1727 407 in

270 436 405 490 prima
425 434 610 478 Nubium
639 436 880 477 recensione
908 436 1005 477 dato·
1034 435 1200 477 omnino
1216 435 1398 483 ,concinit
1416 458 1474 472 -—-
1494 435 1569 477 sed
1590 435 1727 487 etiam,

270 506 383 559 quod
420 506 684 561 juventu-tem
724 506 918 560 perderet
947 505 1129 559 deosque
1166 505 1320 559 patrios
1350 507 1641 559 aspernaretur
1670 527 1725 534 —

270 576 383 630 quod
423 575 590 629 quidem
636 576 789 617 crimen
834 577 993 616 tantum
1034 575 1163 626 abest,
1208 576 1255 615 ut
1299 575 1341 617 in
1364 575 1518 629 ,prima
1546 575 1726 616 editione

268 649 623 698 commemoretur,
668 648 712 687 ut
758 645 939 687 maxime
975 645 1018 686 in
1064 645 1246 687 secunda
1291 645 1469 697 demum,
1513 657 1606 686 cum
1644 645 1725 686 duo

271 716 340 756 isti
371 728 582 756 sermones
623 716 675 756 de
706 715 929 756 erudiendo
960 714 1204 769 Phidippide
1233 714 1342 755 inter
1370 728 1416 755 se
1456 716 1725 767 decertarent,

269 783 432 826 Socrati
461 785 687 839 objiciatur.
749 784 883 832 Quam
926 797 1117 826 scaenam
1148 797 1241 824 cum
1271 798 1294 825 e
1330 787 1451 826 sexto
1479 785 1725 840 hypothesis

266 857 509 907 argumento
540 854 748 907 cognitum
779 854 1016 905 habeamus,
1046 854 1086 894 in
1115 855 1336 894 retractata
1356 854 1520 900 demum
1542 855 1723 904 additam

268 937 362 965 esse
392 938 529 978 neque
549 923 668 964 Plato
699 923 869 964 alterius
895 922 1074 964 criminis
1105 923 1156 963 ab
1177 921 1454 977 Aristophane
1476 924 1606 975 ,etiam
1638 924 1724 965 dati

265 995 404 1036 nescio
437 1007 519 1048 quo
549 993 669 1035 modo
691 994 821 1034 ullam
851 993 976 1034 faciat
994 993 1257 1044 mentionem,
1287 993 1475 1052 proxime
1505 993 1557 1037 ad
1576 1005 1745 1055 verum·
1797 1033 1800 1037 ,
1864 1037 1866 1041 f

264 1064 459 1105 accedere
475 1063 575 1105 mihi
590 1064 743 1115 videor,
760 1063 796 1104 si
812 1075 862 1104 ea
873 1062 1001 1104 verba
1020 1058 1274 1118 ,,ὰεροβατῶ
1288 1062 1361 1105 καὶ
1377 1062 1627 1123 περιφρονῶ
1642 1057 1722 1106 τὸν

261 1128 398 1185 ἥλιον,
433 1134 543 1175 188“
573 1133 728 1187 primae
751 1132 930 1173 editioni
962 1132 1159 1182 tribuer03
1193 1133 1235 1173 et
1264 1145 1359 1175 cum
1386 1131 1720 1192 prioresNubes
1788 1183 1795 1190 ¹

263 1202 476 1244 Socratem
529 1203 760 1253 ridiculum,
817 1202 1016 1255 ineptum,
1074 1205 1336 1255 arrogantem
1389 1203 1720 1255 ludimagistrum

263 1272 497 1324 finxissent,
538 1271 786 1326 posteriores
819 1271 985 1311 scholae
1025 1272 1194 1325 imperio
1226 1270 1415 1319 Sermoni
1445 1272 1607 1325 Injusto
1639 1274 1719 1312 tra-

262 1341 345 1381 dito
376 1333 570 1381 ridendas
601 1340 834 1394 philosophi
855 1343 973 1380 notas
1004 1342 1128 1394 plane
1159 1341 1305 1381 tollere
1331 1341 1501 1391 vellent,
1525 1340 1718 1381 Platonis

259 1411 388 1451 verba
446 1407 610 1465 (Symp.
658 1412 739 1450 221
783 1407 850 1464 Β.)
914 1405 1274 1467 ,βρενθυόμενος
1324 1408 1394 1451 καὶ
1453 1405 1739 1468 τώφθαλμὼ·

257 1475 582 1536 παραβάλλων“
593 1479 664 1520 -ad
695 1479 849 1533 primas
881 1482 1040 1521 tantum
1073 1478 1217 1520 Nubes
1253 1476 1312 1534 (v.
1345 1481 1447 1532 362)
1478 1480 1717 1533 respexisse

255 1549 483 1589 verisimile
529 1556 606 1591 est.
680 1548 804 1600 Parvi
849 1550 959 1589 enim
1003 1550 1177 1589 interest
1220 1548 1404 1589 Platonis
1451 1547 1716 1603 Symposium
1780 1563 1783 1565 ·

257 1622 418 1658 mortuo
462 1618 629 1658 demum
660 1616 940 1673 Aristophane
981 1618 1206 1672 alterisque
1237 1616 1426 1660 Nubibus
1462 1606 1555 1672 ¹jam
1595 1614 1743 1660 editis'

254 1688 452 1741 scriptum
491 1701 603 1737 esse3
641 1688 694 1729 id
734 1690 843 1728 certo
885 1691 1046 1738 constat
1083 1689 1269 1736 futurum
1305 1687 1446 1738 fuisse,
1494 1688 1528 1728 si
1569 1676 1713 1737 eadem

254 1756 424 1797 crimina
454 1757 505 1797 ab
529 1756 808 1811 Aristophane
838 1758 1094 1812 praeceptori
1123 1757 1390 1800 dilectissimo
1413 1757 1509 1801 data
1529 1758 1714 1807 novisset

253 1829 378 1880 atque
398 1839 423 1867 a
442 1827 597 1868 Meleto
620 1828 844 1882 Anytoque
866 1826 997 1878 Plato,
1019 1827 1096 1867 ut
1085 1840 1127 1868 111
1147 1825 1370 1881 Symposio
1392 1825 1710 1894 Aristophanem

252 1896 441 1936 acerbius
470 1899 678 1948 tractaret,
708 1897 751 1937 in
776 1884 995 1949 Apologia,
1030 1909 1136 1949 quae
1166 1897 1261 1950 post
1282 1894 1529 1936 Convivium
1560 1884 1712 1949 scripta

252 1964 317 2005 'est
346 1962 416 2019 (cf.
437 1963 676 2006 Stallbaum·
693 1966 746 2006 ad
768 1965 887 2019 Apol.
909 1962 1097 2020 XLIII.)
1127 1965 1207 2006 ista
1230 1964 1517 2023 Aristophanis
1542 1965 1711 2006 crimina

252 2032 413 2074 Socrati
433 2034 597 2087 objecta
617 2038 957 2075 commemoraret
985 2038 1109 2087 atque
1129 2035 1347 2081 refutarem
1380 2046 1550 2088 quarum
1570 2047 1708 2075 rerum

249 2105 411 2143 tantum
441 2103 571 2155 abest,
603 2106 650 2145 ut
679 2104 898 2158 quicquam
928 2103 1173 2156 inveniatur,
1206 2106 1251 2145 ut
1283 2102 1584 2158 Aristophanes
1615 2117 1705 2145 cum

251 2171 421 2213 Socrate
451 2174 494 2214 in
524 2174 700 2226 gratiam
730 2174 889 2214 redisse
919 2173 1118 2214 videatur.

365 2241 642 2283 Transeamus
688 2256 786 2283 vero
830 2243 882 2283 ad
927 2243 1102 2284 alterum
1147 2243 1403 2296 antiquitatis
1448 2243 1702 2297 scriptorem,

245 2309 579 2364 Xenophontem.
652 2312 703 2352 In
740 2312 830 2366 ejus
872 2311 1090 2367 Symposio
1129 2313 1284 2366 legitur
1320 2310 1416 2366 (VI,
1449 2308 1515 2366 8):
1563 2311 1705 2354 ταῦτα

243 2382 338 2435 μέν,
361 2380 458 2440 ἔφη,
480 2381 542 2423 ἔα·
559 2378 648 2424 ἀλλ’
674 2383 764 2423 εἰπέ
780 2395 869 2437 μοι,
889 2377 1052 2430 πόσους
1067 2377 1239 2442 ψύλλης
1251 2376 1391 2431 πόδας
1410 2380 1517 2436 ἐμοῦ
1532 2377 1704 2438 ἀπέχεις

245 2448 320 2505 (ex
341 2452 446 2506 conj.
461 2451 489 2493 J
491 2452 644 2493 acobsii
661 2454 703 2493 et
717 2450 952 2506 Lobeckii);
975 2451 1117 2494 ταῦτα
1136 2448 1221 2509 γάρ
1237 2465 1282 2494 σε
1304 2450 1415 2510 φασὶ
1435 2454 1702 2509 γεωμετρεῖν.

243 2519 376 2562 Nemo
415 2522 533 2573 forte,
581 2522 661 2562 nisi
702 2533 860 2573 caecus,
908 2522 974 2562 hic
1011 2521 1150 2562 verbis
1191 2521 1384 2562 subtilem
1429 2521 1480 2561 de
1520 2522 1701 2575 pulicum

242 2590 416 2632 saltibus
448 2591 506 2646 (v.
542 2593 642 2646 145)
675 2591 957 2645 quaestionem
985 2591 1134 2645 respici
1156 2604 1237 2632 non
1257 2590 1426 2641 videbit,
1458 2590 1699 2644 quibuscum

240 2661 426 2701 conferre
467 2661 566 2701 licet
604 2662 733 2701 verba
776 2659 1035 2702 Oeconomici
1080 2658 1180 2716 (XI,
1220 2657 1284 2716 3):
1338 2654 1586 2717 Σωκράτης
1626 2660 1698 2703 καὶ
1731 2682 1735 2686 ·

238 2729 380 2771 ταῦτα
410 2726 536 2789 ἀνήρ,
575 2724 625 2780 ὃς
654 2727 904 2787 ἀδολεσχεῖν
945 2745 990 2773 τε
1020 2729 1132 2773 ὁοκῶ
1157 2730 1229 2773 καὶ
1260 2728 1549 2788 ἀερομετρεῒν,
1591 2744 1697 2785 quae
