1870 3066
1587 179 1651 237 13

194 321 319 365 etiam
343 320 511 366 >tantum
550 318 710 369 abesse,
750 321 798 360 ut
835 318 951 366 cives
987 318 1040 360 ad
1076 319 1274 365 virtutem
1312 320 1518 362 redituros
1559 334 1653 362 esse

192 391 337 429 liceret
366 399 547 440 sperare,
588 389 635 426 ut
672 399 833 426 summo
873 399 998 438 opere
1028 390 1243 436 metueret,
1284 401 1337 426 ne
1377 389 1512 440 prisca
1541 390 1652 428 vitae

193 456 412 511 disciplina
439 468 611 510 prorsus
643 454 907 503 ,dilaberetur
942 467 1224 509 praecepsque
1267 456 1356 496 iret.
1426 455 1452 496 J
1455 469 1523 496 am
1560 469 1652 497 cum

192 525 374 579 omnium
403 537 542 566 rerum
581 535 782 564 novarum
822 537 989 565 causam
1025 524 1121 576 jure
1150 536 1176 564 a
1204 524 1402 578 sophistis
1429 527 1651 578 repeteret,

192 595 262 649 qui
292 606 444 638 novam
484 605 707 647 puerorum
744 592 1092 638 instituendorum
1132 595 1263 634 artem
1300 606 1347 633 se
1383 593 1531 634 docere
1561 607 1653 648 pro-

190 664 419 713 fiterentur,
451 662 521 716 qui
552 662 605 703 de
633 661 759 702 rebus
788 662 976 716 physicis
1007 675 1056 702 ac
1082 662 1248 712 divinis,
1280 662 1333 701 de
1361 663 1520 703 ratione
1540 664 1654 704 civili

191 745 239 775 ac
269 728 433 786 privata
472 731 733 784 disputarent
771 743 850 771 nec
886 731 1113 773 maximam
1150 730 1235 771 vim
1276 731 1330 771 ad
1351 731 1429 771 -rei
1459 732 1652 785 publicae

190 802 460 856 privataeque
491 799 603 843 vitae
633 799 909 841 conditionem
938 800 1269 841 commutandam
1291 812 1373 840 non
1395 803 1652 851 exercerent,

190 870 226 910 si
255 869 393 910 omnia
424 868 627 922 ejusmodi
657 867 807 919 studia,
839 881 946 921 quae
976 882 1001 909 a
1029 871 1195 922 patrum
1225 881 1339 908 more
1370 869 1651 920 abhorrerent,

190 939 347 980 salibus
376 937 695 992 perstrinxisset
716 950 793 977 nec
817 938 937 978 modo
959 938 1144 988 ridenda,
1176 938 1250 978 sed
1272 938 1398 978 etiam
1424 938 1654 992 perniciosa

190 1006 437 1058 effinxisset,
484 1006 772 1048 immortaliter
817 1006 869 1047 de
905 1020 951 1047 re
988 1006 1154 1060 publica
1192 1007 1437 1048 meriturum
1475 1020 1522 1048 se
1559 1020 1652 1048 esse

190 1075 361 1127 censuit,
394 1077 437 1116 et
467 1088 560 1116 cum
591 1088 837 1129 persuasum
868 1076 905 1116 ei
937 1078 1061 1126 esset,
1089 1123 1092 1125 ,
1099 1075 1193 1129 joca
1222 1077 1347 1129 atque
1388 1076 1496 1116 seria.
1534 1076 1652 1116 artis-

190 1145 292 1186 simo
314 1145 423 1185 inter
443 1158 489 1185 se
510 1145 703 1199 copulata
724 1146 767 1184 et
788 1145 1021 1185 consociata
1041 1144 1174 1185 teneri
1194 1144 1373 1196 vinculo,
1400 1144 1524 1193 (Rau.
1546 1148 1651 1197 389;

188 1214 367 1256 Acharn.
399 1217 497 1264 500,
530 1216 629 1264 655>
658 1227 740 1256 non
771 1217 855 1255 tam
885 1215 1112 1256 dicacitatis
1142 1214 1296 1255 aculeis
1328 1227 1452 1268 quam
1491 1227 1653 1256 summa

189 1284 413 1324 severitate
458 1284 614 1324 factum
654 1287 729 1334 est,
775 1287 824 1324 ut
865 1286 1154 1338 pungerentur
1192 1286 1235 1323 et
1274 1284 1653 1337 perstringerentur

190 1367 344 1404 omnes,
383 1354 452 1408 qui
483 1356 629 1408 poetae
661 1354 821 1393 cladem
854 1355 1012 1408 patriae
1049 1354 1202 1394 inferre
1231 1354 1484 1405 viderentur,
1515 1367 1651 1408 neque

190 1422 304 1474 Cleo,
348 1436 485 1476 neque
525 1422 759 1476 Euripides,
804 1437 941 1476 neque
982 1424 1232 1474 Alcibiades,
1279 1436 1413 1478 neque
1455 1423 1650 1474 Pericles,

189 1505 325 1545 neque
356 1491 521 1545 Agatho
559 1492 730 1532 insidias
771 1492 861 1546 ejus
902 1493 1158 1546 aliorumque
1189 1493 1448 1544 comicorum,
1480 1491 1651 1544 Cratini,

189 1560 419 1616 Eupolidis,
450 1560 663 1616 Amipsiae
695 1560 935 1615 effugerent.
993 1560 1132 1608 Quid?
1163 1562 1199 1602 si
1229 1564 1390 1602 constat
1412 1576 1507 1603 eum
1525 1563 1650 1617 plane

188 1644 271 1671 non
302 1630 527 1681 dubitasse,
570 1631 670 1684 quin
709 1644 777 1671 ars
818 1631 1054 1684 sophistica,
1095 1631 1170 1671 illa
1209 1631 1270 1671 rei
1300 1632 1491 1685 publicae
1519 1632 1651 1686 pestis

188 1713 236 1740 ac
265 1700 480 1754 pernicies,
512 1712 618 1752 quae
644 1700 846 1740 rationem
877 1700 1028 1753 agendi
1059 1712 1107 1740 ac
1137 1700 1343 1741 sentiendi
1373 1714 1398 1742 a
1427 1701 1651 1756 majoribus

186 1770 362 1809 traditae
393 1769 556 1809 omnino
588 1770 833 1809 contrariam
864 1770 1031 1809 doceret
1061 1773 1103 1809 et
1133 1783 1232 1822 prae
1262 1782 1308 1808 se
1337 1769 1477 1820 ferret,
1499 1771 1648 1821 omnia,

188 1850 294 1891 quae
310 1841 546 1890 agerentur,
562 1837 615 1877 ad
632 1837 866 1888 utilitatem,
886 1851 969 1878 non
986 1838 1037 1877 ad
1054 1851 1141 1878 rem
1158 1838 1292 1891 ipsam
1307 1838 1527 1879 referenda
1543 1852 1649 1891 esse,

187 1920 395 1949 venenum
425 1907 531 1948 illud
557 1907 643 1960 jam
674 1907 715 1948 in
747 1907 928 1949 civitatis
969 1920 1117 1962 corpus
1154 1907 1339 1949 infusum
1369 1910 1577 1962 postremo
1607 1909 1649 1950 in

188 1989 330 2017 omnes
373 1977 490 2030 quasi
526 1989 657 2016 venas
699 1976 896 2017 diffusura
933 1980 1057 2027 esset,
1097 1978 1359 2027 miramurne,
1401 1990 1496 2017 eum
1534 1981 1649 2018 actae

187 2046 335 2087 aetatis
365 2046 623 2087 laudatorem
654 2046 869 2087 exstitisse
890 2060 1110 2100 moresque
1130 2046 1334 2100 majerum
1364 2046 1469 2097 (τῶν
1489 2046 1649 2105 Μαρα-

188 2114 498 2171 θωνομαχῶν),
530 2115 601 2169 qui
630 2115 672 2155 in
702 2115 815 2156 vitae
845 2116 1066 2156 discrimen
1096 2117 1203 2156 illati
1223 2116 1399 2170 patriam
1419 2130 1442 2156 e
1466 2117 1648 2171 periculo

187 2185 437 2239 eripuissent
467 2188 510 2225 et
539 2185 639 2225 satis
670 2186 712 2225 in
743 2185 835 2238 ipsa
864 2185 1117 2225 conscientia
1137 2184 1403 2239 pulcherrimi
1423 2185 1520 2226 facti
1541 2186 1649 2226 fruc-

187 2257 273 2294 tum
304 2255 464 2309 cepisse
498 2268 544 2294 se
575 2254 653 2294 sibi
682 2255 764 2295 visi
795 2259 947 2305 essent,
979 2255 1032 2295 ad
1063 2255 1222 2295 coelum
1254 2255 1459 2295 extulisse
1479 2255 1649 2296 divinis-

186 2337 267 2376 que
296 2324 489 2364 laudibus
521 2323 772 2364 exornasse?
831 2323 1028 2364 Attamen
1059 2323 1164 2363 illud
1194 2325 1342 2377 poetae
1371 2323 1520 2377 probro
1548 2324 1648 2364 dan-

188 2392 285 2433 dum
315 2395 392 2445 est,
427 2393 539 2447 quod
579 2392 639 2433 rei
676 2393 865 2447 publicae
905 2391 1149 2433 vulneribus
1189 2394 1300 2441 (τοῖς
1332 2388 1537 2444 ἠπιάλοις
1576 2394 1651 2436 καὶ

185 2466 448 2519 πυρετοῖσιν,
488 2462 616 2516 Vesp.
661 2463 789 2514 1038)
833 2462 875 2502 in
921 2463 1145 2515 conspectu
1187 2461 1340 2502 civium
1379 2463 1526 2517 positis
1566 2476 1649 2504 non

185 2530 370 2584 haberet,
402 2531 551 2586 quibus
581 2530 776 2572 remediis
807 2531 1063 2571 sanarentur.

302 2601 415 2644 Satis
453 2602 563 2644 enim
602 2614 685 2643 non
726 2603 791 2643 est
831 2600 932 2642 vitia
961 2613 1130 2641 suorum
1165 2600 1472 2655 reprehendere
1502 2603 1546 2642 et
1575 2615 1648 2643 ex-

185 2671 355 2724 agitare,
386 2672 466 2713 nisi
497 2672 557 2712 eis
592 2670 750 2711 mederi
796 2669 975 2711 studeas.
1046 2670 1116 2711 Ita
1153 2670 1309 2711 factum
1350 2671 1426 2721 est,
1468 2671 1515 2710 ut
1552 2683 1648 2711 cum

186 2739 484 2796 Aristophanes
520 2741 708 2795 justitiae
746 2740 1036 2793 honestatique
1077 2753 1102 2780 a
1139 2740 1363 2794 majoribus
1403 2740 1539 2780 cultae
1577 2741 1647 2781 ad-
