1870 3066
254 156 325 206 ‘40

251 297 417 340 diversa
445 295 635 352 proponi3
667 296 709 338 in
731 296 860 338 altero
891 296 979 339 loco
1003 295 1286 353 Strepsiadem
1308 297 1359 342 ad
1391 298 1703 354 praescriptum,

251 369 292 408 in
314 369 444 408 altero
472 368 603 408 libera
622 368 788 421 optione
817 368 1119 422 philosophari3
1151 368 1193 408 in
1214 369 1344 409 altero
1365 369 1554 409 cimicum
1586 369 1707 409 ratio-

252 450 347 479 nem
362 436 464 489 fieri,
486 437 527 478 in
549 437 680 479 altero
698 438 856 479 nullam
875 437 975 478 fieri.
1008 435 1126 478 Haec
1145 439 1292 493 poetae
1307 438 1580 481 inconstantia.
1598 439 1707 480 unde

252 510 350 548 nata
377 507 442 559 sit,
473 510 520 548 ut
540 520 850 560 cognoscamus,
872 508 961 561 ipse
981 510 1105 561 poeta
1125 507 1707 555 universehanc'comoediam

253 576 456 627 decoram,
473 576 705 628 honestam,
718 575 1065 617 obscoenitatibus
1074 576 1215 616 orbam
1225 589 1317 616 esse
1326 574 1709 632 significavit(‚534)‘.

252 644 392 692 Quare
407 645 448 687 in
466 646 730 700 superstitem
742 645 923 688 Nubium
938 645 1118 687 fabulam
1136 659 1158 686 8
1175 646 1308 700 priore
1325 659 1471 687 versus
1481 649 1704 689 731—-739

251 714 436 766 fluxisse,
476 728 626 756 versus
664 717 1099 766 autem·694—699,
1143 718 1403 768 707—730,
1447 710 1706 775 740÷745,

252 785 294 826 in
324 785 472 839 quibus
503 790 623 840 poeta
663 786 715 827 de
747 785 932 831 cimicum
974 797 1110 825 morsu
1147 784 1399 839 lepidissime
1430 786 1622 840 loquitur,
1648 786 1707 832 .in

252 866 361 895 nova
404 854 571 895 demum
610 855 789 895 editione
832 854 959 894 additi
1003 866 1095 894 esse
1131 853 1335 898 videntur.
1398 852 1523 896 Chori
1562 866 1706 895 versus

253 916 446 983 (στροφὴ
479 925 522 964 et
545 919 834 984 ἀναστροφή,
867 925 1120 976 700-706,
1153 921 1419 980 806-813)
1451 924 1503 966 ad
1533 924 1708 990 priorem
1783 977 1786 980 ·

254 993 477 1034 editionem
508 994 726 1047 pertinent.
781 993 862 1034 Hic
891 995 1064 1045 quaerat
1092 993 1308 1047 quispiam,
1340 995 1533 1047 quoniam
1563 995 1605 1035 in
1635 1008 1708 1037 ex-

254 1068 386 1105 trema
407 1063 579 1119 stropha
599 1060 721 1121 (705)
743 1064 822 1105 duo
844 1075 990 1105 versus
1014 1063 1176 1115 desunt,
1204 1065 1340 1105 utrum
1362 1063 1429 1105 isti
1450 1061 1710 1106 librariorum

254 1135 377 1188 culpa
421 1134 654 1175 exciderint
697 1147 749 1175 an
794 1146 819 1174 a
862 1134 987 1188 poeta
1030 1133 1135 1187 ipso,
1181 1146 1274 1174 cum
1318 1135 1566 1175 retractandi
1606 1147 1709 1188 opus

255 1204 564 1258 aggrederetur,
607 1204 734 1245 deleti
773 1204 866 1245 sint.
927 1202 1044 1253 Mihi·
1070 1202 1235 1257 quidem
1266 1201 1565 1259 Aristophanes
1605 1191 1708 1245 istos

254 1287 414 1325 versuS,
456 1275 566 1328 quod
597 1274 649 1314 ad
680 1273 873 1326 colloquii
907 1273 1057 1313 seriem
1093 1272 1259 1320 minime
1290 1273 1374 1326 apti
1406 1275 1546 1314 essent
1575 1287 1709 1328 neque

255 1344 602 1385 accommodatam
639 1344 690 1383 ad
729 1343 1014 1397 insequentem
1055 1355 1244 1384 scaenam
1283 1343 1528 1397 praeberent
1564 1344 1708 1384 transi-

255 1415 422 1466 tionem,
454 1414 628 1468 ejecisse
658 1413 834 1464 videtur,
867 1414 908 1454 et
937 1413 985 1465 is,
1017 1413 1087 1467 qui
1116 1414 1306 1468 princeps
1338 1415 1539 1455 secundas
1561 1413 1704 1456 Nubes

256 1484 396 1534 edidit,
442 1496 524 1524 non
556 1484 749 1537 strophae
788 1483 912 1524 finem
952 1496 975 1523 8
1015 1483 1157 1536 primis
1195 1483 1363 1537 recepit,
1406 1484 1476 1524 sed
1518 1484 1592 1525 illa
1621 1484 1710 1538 ipsa
1746 1523 1751 1530 ,

256 1554 404 1594 lacuna
450 1565 640 1594 scaenam
689 1552 974 1605 insequentem
1021 1553 1243 1592 correctam
1288 1552 1465 1606 quidem,
1515 1553 1586 1594 sed
1628 1566 1709 1594 non

255 1624 383 1663 totam
415 1623 642 1676 perfectam
673 1636 765 1663 8888
796 1623 946 1663 leviter
976 1621 1281 1662 demonstrasse
1310 1622 1389 1663 sibi
1418 1621 1560 1663 voluit.

371 1690 510 1746 Atque
549 1704 626 1745 ego
664 1691 829 1746 quidem
860 1693 905 1733 ut
943 1692 1020 1733 hoc
1055 1692 1118 1732 vel
1149 1691 1331 1733 maxime
1360 1692 1591 1744 concedam,
1633 1692 1709 1733 hoc

255 1762 375 1803 modo
398 1763 578 1803 nondum
599 1775 742 1803 omnes
764 1761 927 1802 omnino
950 1760 1214 1802 difficultates
1234 1763 1412 1803 remotas
1433 1775 1540 1814 esse,
1571 1764 1713 1803 tamen·

254 1845 412 1885 vereor,
449 1845 541 1874 cum
578 1832 684 1874 aliae
722 1831 773 1873 de
810 1832 891 1873 ista
931 1844 1079 1873 scaena
1122 1832 1351 1874 sententiae
1390 1845 1535 1887 parum
1565 1826 1723 1888 probas

255 1903 439 1954 bilitatis,
473 1904 576 1943 haec
607 1903 827 1957 plurimum
860 1902 1097 1943 stabilitatis
1127 1902 1292 1954 habeat,
1331 1915 1384 1943 ne
1425 1903 1548 1943 aliam
1587 1903 1710 1943 inter·
1751 1898 1758 1905 ”

256 1971 444 2026 pretandi
465 1973 576 2013 viam
596 1972 809 2025 ingressus
830 1971 873 2012 in
899 1971 1076 2025 majores
1097 1984 1255 2012 errores
1281 1971 1509 2028 laqueosve
1530 1972 1714 2023 inducar„

255 2041 344 2082 Iste
376 2041 485 2082 enim
516 2042 630 2082 locus
665 2041 845 2081 omnium
876 2040 1055 2080 maxime
1098 2040 1247 2082 iterum
1267 2042 1391 2094 atque
1422 2041 1585 2095 saepius
1619 2054 1709 2081 sen-

255 2111 478 2151 tentiarum
515 2110 931 2154 ,conformationibus
980 2109 1167 2163 repetitis
1225 2111 1396 2164 languet
1445 2112 1487 2151 et
1544 2114 1711 2165 propter

255 2180 441 2234 leporum
472 2180 705 2221 scurrilium
736 2180 821 2220 vim
857 2192 988 2233 paene
1019 2178 1295 2233 Aristophane
1325 2179 1519 2232 indignus
1550 2182 1631 2236 est.v

369 2249 395 2290 J
398 2262 464 2290 am
485 2249 702 2290 veniamus
723 2249 776 2289 ad
795 2249 891 2289 illas'
911 2261 1092 2300 scaenas,
1124 2261 1229 2302 quae
1254 2249 1466 2290 amborum
1490 2247 1711 2291 Oratorum

255 2322 462 2361 certamen
503 2320 756 2375 praecedunt
799 2320 980 2373 itemque
1027 2320 1344 2373 consequuntur.
1419 2317 1562 2363 Nubes
1602 2318 1710 2359 enim

256 2392 427 2444 patrem,
458 2391 679 2445 postquam
709 2388 810 2430 nihil
849 2388 1061 2431 addiscere
1099 2391 1246 2445 potest,
1287 2390 1333 2430 ut
1362 2387 1493 2430 filium
1523 2387 1710 2441 adducat,

255 2461 529 2502 cohortantur.
596 2459 700 2502 Tota
728 2460 810 2501 ista
840 2472 989 2501 scaena
1018 2473 1151 2513 usque
1182 2460 1233 2501 ad
1265 2472 1431 2501 versum
1462 2463 1543 2502 881
1578 2472 1602 2500 c
1630 2459 1710 2513 pri-

255 2531 393 2572 oribus
424 2529 615 2572 Nubibus
658 2531 824 2584 sumpta
854 2532 929 2581 est,
972 2530 1081 2583 quod
1120 2530 1300 2570 maxime
1333 2543 1356 2570 e
1386 2543 1425 2571 v,
1456 2531 1711 2579 869—872,

254 2601 297 2642 in
327 2601 476 2655 quibus
515 2600 651 2655 lepide
682 2600 815 2642 corbis
845 2600 1050 2656 pendulae
1081 2596 1205 2656 (217)
1241 2599 1392 2641 mentio
1423 2598 1485 2651 fit,
1528 2599 1710 2653 colliges.

255 2671 347 2711 Hoc
368 2685 467 2712 vero
490 2672 579 2711 loco
612 2684 741 2724 pauca
762 2671 939 2724 praefari
961 2671 1062 2710 libet
1087 2671 1137 2710 de
1166 2670 1299 2710 choris
1321 2669 1575 2709 altercationi
1596 2682 1711 2722 prae—

256 2741 456 2796 ponendis
489 2743 531 2782 et
570 2741 757 2795 proxime
789 2753 879 2782 eam
916 2739 1174 2781 collocandis.
1239 2739 1287 2780 ln
1318 2738 1475 2792 aliquot
1505 2736 1712 2780 codicibus
