1870 3066
188 151 255 205 1¹4

185 298 451 339 haeresceret
480 310 766 350 novorumque
796 299 1027 340 studiorum
1058 299 1176 353 quasi
1202 312 1411 340 venenum
1440 300 1486 341 in
1508 313 1651 341 omnes

185 367 365 409 civitatis
396 379 528 408 venas
557 366 746 422 irrepens
776 368 982 422 repellere
1012 368 1188 423 pararet,
1222 369 1330 423 quid·
1347 369 1436 411 veri
1455 368 1498 411 in
1519 368 1653 424 philo-

187 437 412 491 sophorum
442 436 631 477 doctrina
660 449 709 477 ac
737 438 972 492 praeceptis
1002 437 1172 496 inesset,
1209 451 1292 479 non
1323 440 1488 481 curaret
1516 452 1654 493 neque

185 519 353 562 operam
386 508 573 558 navaret,
607 508 655 547 ut
683 506 814 561 ipsius
846 505 1041 559 Socratis,
1072 504 1191 561 cujus
1214 520 1434 562 personam
1453 501 1662 562 tanquam

185 577 465 631 sophistarum
496 576 692 630 principis
733 588 781 617 ac
817 575 933 617 ducis
963 576 1006 617 in
1038 576 1262 617 ludibrium
1291 579 1488 629 verteret,
1518 577 1652 631 philo-

185 645 355 700 sophiae
395 645 684 686 tractationem
715 646 994 699 cognosceret.
1055 644 1122 696 (cf.
1155 645 1402 698 Deschanel‚
1433 658 1529 700 pag.
1554 647 1659 697 105,

187 703 283 767 106,
318 718 413 757 110.
473 714 590 755 Dans
631 716 740 755 cette
780 713 908 768 piece,
950 714 1241 768 Aristophane,
1283 713 1469 769 emporte
1507 727 1583 769 par
1611 715 1654 755 la

184 798 290 839 peur
320 784 394 825 des
425 784 642 825 nouvelles
664 783 792 835 idees,
825 784 1027 825 calomnie
1055 784 1148 824 leur
1167 782 1457 838 representant
1486 785 1528 825 le
1557 785 1652 838 plus

185 855 350 894 illustre
390 855 433 893 et
472 854 513 893 16
543 854 638 907 plus
679 866 770 906 pur,
812 853 897 893 l'un
935 853 1010 892 des
1050 853 1237 893 hommes
1278 855 1341 894 les
1379 855 1475 907 plus
1513 853 1656 902 divins

186 923 256 976 qui
288 922 400 963 aient
425 922 576 977 Jamais
608 920 746 963 existe
776 935 848 963 sur
877 922 920 963 la
959 923 1081 964 terre.
1149 920 1215 962 On
1247 922 1335 963 voit
1365 921 1407 964 la
1437 937 1493 964 un
1524 923 1655 978 esprit

187 991 309 1033 affole
352 1005 429 1046 par
469 993 511 1033 la
547 993 715 1043 crainte,
756 1006 914 1033 comme
955 993 1157 1032 certaines
1199 1005 1303 1044 gens
1348 991 1653 1046 qu'epouvante

185 1060 447 1117 aujourd'hui
476 1062 517 1102 16
547 1074 643 1103 116111
675 1062 767 1103 seul
788 1061 840 1102 de
871 1061 1116 1113 socialisme,
1149 1063 1191 1102 et
1221 1061 1304 1116 qui,
1336 1062 1377 1103 le
1407 1062 1503 1117 plus
1533 1063 1652 1103 natu·
1708 1064 1710 1066 ’

184 1134 408 1173 rellement
429 1132 485 1171 du
505 1132 668 1182 monde,
703 1132 953 1172 calomnient
980 1133 1022 1171 et
1041 1131 1235 1185 frappent
1255 1129 1370 1181 leurs
1392 1132 1651 1173 adversaires

185 1214 283 1242 sans
313 1201 377 1241 les
408 1200 691 1254 comprendre,
724 1212 821 1241 sans
861 1200 954 1241 leur
991 1201 1216 1254 permettre
1254 1198 1389 1241 meme
1420 1200 1473 1241 de
1505 1199 1653 1242 definir

185 1283 231 1310 66
262 1284 370 1311 116111.
430 1270 493 1310 Ils
525 1283 570 1309 se
602 1270 787 1309 donnent
826 1270 867 1309 le
900 1270 996 1310 titre
1034 1271 1086 1309 de
1117 1272 1446 1321 conservateurs‚
1489 1273 1531 1310 et
1561 1283 1652 1324 per*

185 1340 349 1379 draient
381 1341 483 1389 tout,
516 1338 551 1378 si
581 1339 674 1378 leur
711 1338 877 1378 dessein
917 1338 1168 1380 reussissait.
1239 1338 1301 1378 Ils
1343 1352 1389 1379 se
1428 1339 1653 1379 roidissent

184 1409 227 1448 et
258 1421 303 1447 se
334 1407 504 1449 ffichent
534 1409 676 1447 contre
697 1407 738 1447 le
759 1409 1028 1447 mouvement
1047 1405 1313 1457 irresistible;
1347 1408 1399 1449 ils
1420 1409 1652 1462 protestent

185 1491 236 1519 au
267 1491 362 1519 nom
395 1478 451 1517 du
483 1475 618 1531 passe,
651 1480 693 1517 et
719 1476 874 1530 jettent
913 1474 937 1515 a
977 1489 1024 1516 ce
1064 1477 1212 1517 monde
1252 1477 1322 1530 qui
1360 1477 1523 1530 gravite
1554 1490 1650 1518 vers

185 1548 237 1588 de
267 1548 487 1588 nouvelles
519 1546 730 1586 destinees
762 1543 970 1586 d’inutiles
1001 1546 1365 1588 admonestations.
1427 1546 1503 1588 Tel
1525 1548 1588 1600 fut
1610 1548 1650 1588 le

183 1615 271 1657 role
299 1614 640 1670 d’Aristophane;
671 1615 775 1666 bref,
806 1615 835 1655 il
868 1616 932 1656 est
962 1618 1258 1656 conservateur
1289 1618 1331 1657 et
1361 1615 1509 1657 febrile
1539 1618 1652 1657 reac-

184 1686 388 1726 tionnaire
420 1686 603 1737 enrage.)
1332 1686 1339 1689 ”

301 1777 481 1825 Quantis
514 1789 639 1831 quam
671 1776 797 1817 variis
829 1779 951 1830 poeta
986 1777 1223 1830 implicatur
1254 1778 1480 1819 erroribus!
1540 1776 1652 1824 Quid

184 1848 239 1887 sit
277 1846 525 1886 discriminis
563 1846 672 1886 inter
712 1844 927 1886 Socratem
967 1846 1104 1900 ipsum
1148 1849 1191 1886 et
1227 1847 1446 1901 sophistas,
1477 1847 1651 1901 ignorat.

185 1916 334 1970 Neque
356 1916 465 1957 enim
483 1916 703 1969 quisquam
724 1916 974 1956 contendere
989 1916 1155 1969 poterit,
1179 1919 1342 1970 poetam
1359 1904 1651 1970 philosophum

186 1985 400 2026 Socratem
429 1986 566 2039 ipsum
597 1984 776 2039 illudere
808 1985 1005 2036 noluisse,
1044 1985 1119 2024 sed
1157 1986 1248 2038 ejus
1282 1989 1443 2027 tantum
1474 1999 1653 2040 persona

184 2069 306 2096 usum
336 2055 379 2095 in
410 2054 618 2108 sophistas
648 2053 859 2094 invectum
892 2067 997 2105 esse,
1039 2054 1193 2108 quippe
1231 2055 1302 2108 qui
1333 2054 1651 2096 Atheniensium

184 2125 365 2166 civitatis
396 2124 667 2164 fundamenta
697 2124 962 2173 subruerent3
997 2124 1049 2165 de
1080 2124 1157 2164 hac
1187 2137 1232 2164 re
1263 2125 1372 2164 inter
1392 2116 1548 2176 omnes,
1580 2125 1652 2179 qui

185 2195 237 2235 de
264 2193 449 2235 Nubium
480 2193 693 2233 comoedia
722 2192 950 2246 antiquitus
982 2193 1280 2245 disseruerunt,
1312 2194 1413 2234 satis
1444 2208 1652 2249 superque

185 2266 358 2315 constat,
399 2277 537 2317 neque
570 2260 730 2304 Socrati
769 2261 849 2316 ipsi
888 2262 931 2302 in
962 2264 1143 2303 mentem
1184 2263 1312 2314 venit,
1354 2278 1435 2304 non
1479 2278 1538 2315 se,
1577 2265 1651 2305 sed

184 2334 248 2374 sui
269 2336 431 2374 tantum
451 2332 688 2386 imaginem,
720 2343 827 2384 quae
852 2333 964 2371 esset
991 2331 1085 2383 „ein
1106 2332 1331 2385 allgemein
1352 2333 1651 2374 bedenkliches

184 2402 407 2459 Symptom
426 2402 485 2443 im
504 2401 648 2442 Leben
670 2401 744 2441 des
767 2400 1130 2441 atheniensischen
1152 2400 1391 2453 Volkes“,4)
1418 2402 1504 2456 peti
1526 2404 1651 2457 atque

181 2473 355 2514 irrideri.
417 2472 481 2523 (cf.
515 2470 707 2511 Theodor
727 2470 947 2520 Rotscher,
979 2469 1283 2524 Aristophanes
1315 2471 1401 2510 und
1431 2473 1520 2512 sein
1543 2471 1651 2512 Zeit-

182 2543 302 2595 alter,
334 2541 478 2583 Berlin
512 2543 635 2593 1827,
667 2552 763 2595 pag.
796 2542 879 2582 279
912 2540 1044 2595 seqq.)

299 2736 334 2778 ⁴)
358 2734 432 2770 vid.
447 2734 608 2778 Stivern⁷
623 2733 720 2770 iiber
732 2734 1016 2781 Aristophanes
1030 2735 1208 2782 WoIRen,
1226 2735 1360 2772 Berlin
1375 2736 1478 2781 1826,
1495 2746 1580 2781 pag.
1593 2737 1648 2771 32.
