1870 3066
1654 137 1687 187 5

227 285 300 334 IL,
332 279 437 335 419)
467 280 687 321 commissa
717 280 791 330 est,
830 280 908 320 nisi
946 280 1052 320 forte
1093 281 1177 320 tres
1209 278 1393 319 Nubium
1423 278 1686 318 recensiones

227 349 441 393 exstitisse
469 350 674 400 volumus,
715 349 818 389 duas
857 350 1059 389 editiones
1090 350 1262 389 alteram
1293 348 1476 399 Isarcho,
1510 349 1684 388 alteram

225 421 391 463 Aminia
405 418 601 460 archonte
622 419 666 458 et
684 430 809 458 unam
829 419 974 471 postea
992 413 1234 470 διασκευήν.
1275 417 1401 458 Errat
1419 418 1547 471 igitur
1567 417 1683 458 scho-

224 492 377 540 liastes,
393 489 465 541 qui
479 488 583 528 haec
598 487 736 528 affert:
758 483 960 539 ,,εὶκότως
979 479 1057 529 οὖν
1074 486 1131 536 ὡς
1147 488 1211 529 ἔτι
1223 484 1422 545 περιόντι
1438 487 1501 542 τῷ
1515 486 1685 529 Κλέωνι

223 558 486 616 λοιδορεῖται
514 553 538 599 ὁ
566 552 891 617 Ἀριστοφάνης
925 554 977 598 οὐ
1007 553 1145 611 μόνον
1176 560 1223 598 ὲν
1252 561 1344 605 τοῖς
1373 558 1684 612 προκειμένοις,

224 624 336 681 ἀλλὰ
351 628 423 670 καὶ
439 631 485 670 ἐν
501 633 594 676 τοῖς
608 624 707 679 ἑξῆς
723 620 805 678 ,,ἢν
818 624 1001 668 Κλέωνα
1017 621 1096 668 τὸν
1111 622 1246 681 λάρον
1261 623 1409 682 δώρων
1423 623 1594 676 ἑλόντες
1609 627 1685 669 καὶ

223 697 424 749 κλοπῆςιί,
447 696 514 751 (cf.
538 695 764 747 Fritzsche,
787 696 839 736 de
859 696 940 735 fab.
962 699 1057 735 retr.
1080 695 1153 745 IL,
1178 698 1215 745 5,
1239 699 1298 744 6.;
1332 695 1501 746 Teuffel,
1535 696 1683 736 Philol.

223 767 340 818 VII„
357 769 460 815 3493
482 765 620 816 VIII„
637 762 740 819 381)
758 765 885 817 etqui
902 765 1021 806 dicit:
1042 765 1089 805 αἱ
1110 763 1156 805 ὁὲ
1172 760 1369 820 δεύτεραι
1385 765 1454 806 ἐπὶ
1465 762 1684 819 Ἀμεινίου

223 830 460 892 ἄρχοντος,
479 832 560 873 Hic
576 846 631 873 ex
647 845 727 885 quo
744 833 858 873 fonte
874 834 1234 886 grammaticorum
1253 846 1366 872 error
1376 834 1682 883 redundaverit,

226 908 269 947 ut
291 905 494 959 exploret,
516 902 755 944 Dindorfius
776 903 963 957 conjecit,
995 903 1158 944 criticos
1186 903 1237 943 ad
1271 903 1393 943 aliam
1415 903 1609 953 fabulam,
1632 903 1685 943 ad

223 975 400 1029 Vespas,
412 973 628 1014 aberrasse
641 975 858 1025 utramque
870 973 1136 1022 comoediam,
1155 971 1299 1013 Nubes
1312 973 1515 1012 secundas
1527 977 1569 1012 et
1586 972 1685 1012 Ves-

222 1058 309 1099 pas,
327 1043 575 1093 confudisse,
597 1055 703 1095 quae
719 1043 930 1083 comoedia
950 1044 1042 1082 acta
1063 1045 1127 1082 est
1143 1055 1249 1081 anno
1268 1044 1365 1092 422,
1387 1042 1428 1081 in
1450 1055 1543 1094 qua,
1565 1044 1612 1082 ut
1627 1042 1685 1082 ait

223 1113 466 1164 Stangerus,
498 1107 623 1165 (iiber
653 1108 957 1163 Umarbeitung
991 1111 1148 1163 einiger
1179 1110 1570 1162 Aristophanischer
1600 1111 1684 1151 Κο-

221 1180 429 1234 moedien)
471 1180 537 1220 ein
568 1178 850 1232 Nachgrollen
891 1180 965 1219 des
1005 1180 1047 1220 in
1089 1179 1233 1219 seinen
1265 1177 1573 1232 Erwartungen
1613 1192 1684 1232 ge-

220 1250 439 1291 tauschteu
470 1249 553 1288 und
583 1248 626 1288 in
659 1248 816 1288 seinem
848 1248 1084 1301 Ehrgefuhl
1116 1248 1380 1301 gekralnkten
1408 1248 1602 1288 Dichters
1634 1262 1685 1288 zu

221 1319 448 1359 bemerken
483 1319 547 1358 ist.
598 1318 781 1372 (Vespae
812 1331 850 1357 v.
886 1321 995 1359 1015
1038 1318 1170 1370 seqq.)
1230 1316 1350 1363 Quae
1397 1317 1495 1357 licet
1540 1318 1686 1370 negari

220 1400 302 1428 non
333 1387 504 1441 possint,
537 1386 646 1440 quod
676 1386 717 1426 in
746 1386 896 1440 Vespis
927 1387 1038 1426 idem
1070 1386 1287 1427 consilium
1319 1386 1397 1426 sibi
1428 1387 1684 1440 propositum

221 1457 347 1497 habet
376 1461 510 1510 poeta,
553 1460 693 1497 ‘tamen
726 1457 1030 1509 grammaticos,
1073 1456 1143 1509 qui
1180 1469 1323 1496 omnes
1359 1456 1401 1496 in
1434 1456 1685 1510 explicanda

220 1526 361 1566 fabula
392 1525 630 1578 defigebant
661 1525 946 1578 cogita-tiones,
987 1531 1071 1565 tam
1103 1526 1253 1565 leviter
1284 1525 1364 1564 loci
1394 1525 1684 1564 difficultatem

220 1596 474 1648 neglexisse,
516 1595 608 1648 quis
641 1596 706 1635 est
736 1595 807 1647 qui
837 1595 1001 1634 credat?
1063 1594 1184 1634 Adde
1230 1594 1342 1646 quod
1388 1594 1534 1634 eodem
1576 1607 1683 1635 anno

218 1665 360 1718 paucis
390 1666 486 1704 ante
517 1677 570 1704 an
601 1664 711 1704 horis
743 1677 796 1704 an
826 1664 972 1704 diebus
1011 1664 1199 1716 Proagon
1237 1663 1450 1703 comoedia
1480 1664 1574 1703 acta
1604 1665 1681 1714 est,

218 1736 265 1774 ut
293 1734 419 1774 nullis
454 1733 689 1774 auctoribus
730 1734 872 1786 plures
912 1736 1000 1773 tum
1042 1733 1274 1774 comoedias
1316 1735 1428 1773 actas
1467 1746 1561 1773 esse
1602 1733 1683 1773 nisi

217 1802 384 1842 incertis
417 1802 671 1851 docentibus,
710 1801 855 1842 Nubes
896 1802 1099 1842 secundas
1138 1802 1378 1842 commissas
1410 1815 1503 1842 esse
1536 1814 1682 1855 parum

220 1872 305 1912 veri
336 1871 471 1912 simile
501 1871 565 1911 sit.
627 1870 775 1924 Neque
796 1871 993 1912 credibile
1016 1873 1092 1921 est,
1125 1869 1270 1911 Nubes
1291 1870 1496 1911 secundas
1516 1871 1558 1911 in
1579 1872 1679 1924 pagi

216 1940 389 1993 alicujus
411 1940 586 1989 theatro,
617 1942 664 1980 ut
683 1939 830 1990 Piraei,
863 1942 977 1980 actas
999 1953 1105 1991 esse,
1137 1952 1229 1980 cum
1254 1939 1499 1980 scholiastes
1520 1941 1679 1993 priores

214 2009 256 2049 in
287 2009 388 2050 urbe
419 2009 487 2063 (ἐν
515 2004 658 2064 ἄστει)
690 2009 831 2050 doctas
863 2022 957 2049 esse
988 2008 1144 2060 afferat,
1182 2009 1291 2063 quod
1324 2008 1466 2063 Enger
1498 2010 1540 2051 in
1572 2023 1679 2051 com-

215 2079 467 2119 mentatione
500 2079 552 2119 de
588 2078 778 2132 parabasi
810 2077 994 2118 Nubium
1024 2079 1314 2132 Aristophanis
1349 2082 1494 2120 censet
1528 2082 1570 2119 et
1605 2093 1678 2121 suo

215 2147 334 2188 modo
369 2147 566 2188 defendit.
628 2147 830 2188 Veterum
867 2148 1112 2202 scriptorum
1144 2148 1392 2189 testimoniis
1435 2149 1532 2189 licet
1571 2162 1679 2190 com-

212 2218 377 2270 pertum
417 2217 656 2266 habeamus,
704 2217 940 2269 tragoedias
985 2218 1053 2256 vel
1096 2217 1326 2257 comoedias
1375 2219 1678 2270 spectatoribus

211 2286 406 2339 probatas
427 2286 562 2326 denuo
579 2285 720 2326 doctas
737 2298 830 2326 esse
846 2282 1061 2340 (exempla
1076 2285 1263 2326 invenies
1280 2286 1390 2339 apud
1410 2285 1677 2340 Stangerum,

212 2367 305 2408 pag.
320 2352 379 2408 3),
400 2355 584 2396 maxime
603 2355 646 2396 in
666 2367 868 2409 pagorum
890 2355 1073 2405 theatriS,
1096 2357 1235 2395 tamen
1252 2356 1449 2397 correctio
1472 2357 1678 2409 quaedam

210 2425 281 2465 vel
310 2424 546 2465 retractatio
577 2424 755 2476 fabulae,
793 2425 929 2465 scenis
960 2425 1170 2465 nonnullis
1201 2425 1364 2476 additis,
1403 2426 1677 2479 amplificatis,

210 2493 374 2535 omissis
390 2483 674 2545 adhibebatur,
690 2495 748 2535 ita
764 2498 915 2546 tamen,
935 2498 981 2534 ut
999 2507 1161 2535 summa
1177 2495 1296 2548 quasi
1311 2495 1480 2536 fabulae
1492 2496 1677 2537 medulla

210 2564 508 2614 asservaretur,
549 2565 592 2604 et
625 2564 856 2604 immutatio
887 2577 968 2604 non
998 2563 1118 2604 fieret
1147 2565 1228 2605 nisi
1258 2564 1329 2606 ἐπὶ
1360 2566 1531 2622 μέρους,
1565 2566 1676 2618 quod

209 2632 387 2672 testatur
423 2629 609 2674 Galenus
650 2630 723 2687 (ad
762 2632 1003 2686 Hippocrat.
1047 2633 1098 2673 de
1137 2634 1293 2674 salubri
1336 2634 1448 2675 diait.
1496 2633 1593 2675 XV.
1635 2647 1674 2687 p.

209 2699 294 2740 424
325 2696 485 2755 Kuhn.)
526 2696 943 2751 ,,ὲπιδιεσκευάσθαι
978 2700 1151 2756 λέγεται
1188 2696 1239 2745 τὸ
1279 2701 1459 2758 βιβλίον
1500 2701 1569 2743 ἐπὶ
1613 2702 1676 2756 τῷ

0 2812 50 2932 t!
62 2873 114 2893 ‘s
219 2880 256 2939 β’
