1870 3066
1603 206 1666 255 21

224 351 361 394 verbis
401 347 701 404 profiterentur,
743 362 835 389 sese
877 350 1156 404 opposuisse.“
1224 348 1390 391 Etenim
1433 362 1669 403 quanquam

224 429 352 464 artem
384 418 639 459 dialecticam
671 432 716 458 se
747 419 892 459 docere
924 420 1112 472 negabat,
1153 421 1302 470 tamen,
1345 420 1668 472 quotiescunque

224 505 315 533 cum
344 488 556 542 discipulis
598 487 845 541 disputabat,
887 501 978 528 eam
1014 488 1227 540 ingressus
1268 490 1332 529 est
1369 490 1580 540 rationem,
1622 493 1669 528 ut

223 559 442 613 „brevibus
492 558 878 610 interrogationibus
929 561 971 599 et
1018 558 1351 611 responsionibus
1397 562 1581 598 uteretur
1627 561 1668 598 et

222 631 345 671 rebus
375 627 550 680 singulis
591 627 811 676 insisteret,
850 641 927 667 nec
966 627 1137 667 ulterius
1176 628 1428 680 procederet,
1466 628 1544 668 nisi
1575 641 1668 667 con-

222 699 349 740 cessis
388 700 429 737 et
465 697 692 750 perspectis
733 696 794 747 iis,
837 709 941 749 quae
982 696 1284 746 antecederent,
1323 697 1487 749 rejectis
1528 700 1668 737 contra

220 770 282 820 iis,
313 779 418 821 quae
447 767 571 806 rebus
602 765 804 806 concessis
834 767 1125 819 repugnarent,
1158 767 1280 818 atque
1310 765 1367 805 ita
1388 779 1410 805 e
1430 767 1552 806 rebus
1574 779 1667 806 con-

221 838 347 879 cessis
380 836 432 877 ad
464 836 622 876 exitum
653 836 926 890 perveniret.“
988 834 1078 875 Tali
1103 835 1274 876 docendi
1304 836 1459 876 ratione
1480 836 1668 889 discipuli

221 907 319 961 quin
364 906 505 945 diserti
551 918 597 945 ac
641 905 805 946 facundi
851 905 1081 945 existerent
1132 909 1174 944 et
1228 905 1433 944 interdum
1479 906 1668 945 facundia

220 979 337 1031 parta
381 975 659 1026 abuterentur,
703 988 822 1015 nemo
869 975 1072 1014 dubitavit
1117 987 1193 1013 nec
1237 974 1439 1014 dubitabit
1476 987 1666 1027 unquam.

222 1045 324 1098 Ejus
364 1044 424 1084 rei
465 1044 753 1084 documentum
795 1058 849 1084 ex
881 1044 1093 1084 Alcibiade
1125 1056 1271 1096 capere
1302 1043 1418 1084 nobis
1449 1044 1557 1093 licet,
1598 1044 1668 1096 qui

219 1114 419 1155 Periclem
457 1114 733 1168 percontando
772 1114 1057 1167 respondendo
1096 1115 1374 1155 convincendo
1416 1114 1457 1154 in
1488 1126 1668 1153 summas

219 1185 431 1238 angustias
472 1184 682 1237 compellit
721 1184 995 1237 diffisumque,
1041 1197 1087 1225 se
1126 1198 1178 1224 ex
1221 1198 1268 1225 eo
1315 1183 1547 1224 certaminis
1589 1183 1669 1222 dis-

220 1254 387 1294 crimine
407 1254 604 1295 victorem
625 1255 904 1294 discessurum
924 1267 1027 1304 esse,
1056 1255 1175 1307 cogit,
1208 1256 1254 1294 ut
1275 1254 1402 1294 dicat:
1436 1252 1508 1294 καὶ
1530 1249 1666 1307 ἡμεῖς,

217 1324 464 1375 τηλικοῦτοι
493 1319 628 1374 ὄντες,
659 1322 791 1373 δεινοὶ
822 1319 877 1364 τὰ
907 1324 1091 1366 τοιαῦτα
1118 1314 1241 1377 ἦμεν·
1273 1323 1456 1365 τοιαῦτα
1486 1318 1570 1379 γὰρ
1598 1323 1671 1364 καὶ

218 1392 481 1447 ἐμελετῶμεν
502 1392 573 1434 καὶ
595 1389 908 1451 ἐσοφιζόμεθα,
940 1389 1011 1434 οἷά
1030 1408 1109 1450 περ
1136 1392 1207 1434 καὶ
1237 1387 1292 1434 σὺ
1312 1393 1390 1434 νῦν
1415 1392 1510 1447 ἐμοὶ
1531 1391 1669 1440 δοκεῖς

216 1462 402 1516 μελετᾶν
445 1463 584 1513 (Mem.
616 1463 651 1513 Ι,
684 1466 722 1513 2,
754 1464 835 1513 46).
906 1462 989 1503 Sed
1021 1462 1210 1503 Socrates
1250 1466 1409 1503 tantum
1441 1462 1582 1512 abfuit,
1622 1465 1668 1501 ut

217 1532 437 1585 discipulos
488 1533 786 1582 subrostranos,
846 1534 1112 1583 veteratores,
1173 1533 1413 1582 nebulones,
1464 1531 1667 1584 litigiosos

215 1600 352 1651 (roues
383 1598 660 1653 d'eloquence,
701 1602 811 1641 vrais
852 1602 1049 1654 claquets,
1089 1602 1192 1643 fines
1233 1601 1371 1651 fleurs,
1414 1604 1460 1641 ut
1499 1601 1556 1640 ait
1586 1600 1666 1641 De-

216 1670 397 1720 schanel,
423 1672 517 1718 128>
538 1670 710 1709 reddere
732 1673 959 1721 conaretur,
981 1673 1026 1710 ut
1047 1684 1204 1710 summo
1223 1684 1314 1709 cum
1335 1671 1449 1709 luctu
1470 1670 1666 1721 aequales

214 1739 386 1790 videret,
426 1752 530 1792 quae
563 1745 651 1779 erat
679 1740 934 1793 ratio-atque
964 1740 1174 1781 inclinatio
1214 1740 1379 1780 illorum
1420 1740 1663 1792 temporum,

214 1809 323 1861 quod
353 1822 477 1862 supra
502 1809 589 1861 jam
620 1810 899 1862 exposuimuS,
931 1811 977 1849 ut
1005 1810 1046 1849 in
1078 1810 1174 1849 lites
1205 1810 1388 1861 agendas
1419 1811 1588 1847 ruerent
1618 1820 1665 1847 ac

213 1877 430 1918 fallacibus
472 1878 633 1918 dicendi
672 1878 828 1919 artibus
873 1881 983 1930 (208,
1028 1880 1122 1929 728,
1165 1881 1259 1929 792,
1301 1881 1396 1928 943,
1441 1879 1578 1926 1172),
1620 1881 1666 1916 ut

212 1946 366 2000 injusta
396 1960 519 1987 causa
544 1948 658 2001 justa
687 1948 806 1989 fieret
836 1949 1031 2002 superior,
1063 1949 1284 2001 impetrare
1315 1948 1540 1988 studerent.
1598 1948 1663 1997 (cf.

212 2014 336 2056 Mem.
369 2016 453 2067 ΙΙΙ,
486 2019 523 2068 5,
558 2018 639 2067 16.)
698 2016 816 2064 Quae
854 2030 946 2057 cum
986 2018 1042 2057 ita
1087 2018 1181 2068 sint,
1227 2016 1525 2071 Aristophanes
1556 2016 1662 2057 serio

212 2096 345 2136 neque
374 2086 479 2125 illud
523 2085 692 2136 Socrati,
734 2087 904 2140 proinde
944 2087 1060 2139 quasi
1096 2087 1207 2126 illius
1247 2087 1393 2139 cnlpae
1430 2086 1566 2125 affinis
1598 2086 1662 2136 sit,

212 2154 525 2207 exprobraverit
544 2168 679 2209 neque
700 2169 774 2196 nos
797 2156 983 2206 adducet,
1015 2158 1061 2196 ut
1081 2155 1309 2207 credamuS,
1343 2154 1555 2197 Socratem
1585 2155 1663 2195 arti

211 2224 416 2275 metricae,
456 2225 726 2280 rhythmicae,
765 2225 1056 2279 grammaticae
1094 2225 1163 2285 (τῇ
1193 2222 1455 2282 ὀρθοεπείᾳ)
1497 2240 1662 2281 operam

212 2291 375 2335 dedisse
406 2297 518 2347 (642,
553 2298 647 2347 647,
680 2296 792 2348 663),
836 2308 1007 2349 quarum
1048 2296 1089 2336 in
1131 2297 1312 2336 studium
1350 2297 1422 2337 ille
1452 2309 1660 2349 nunquam

211 2362 404 2405 incubuit.
465 2364 545 2405 His
565 2366 802 2406 criminibus
826 2364 1035 2409 Socratem
1064 2365 1116 2405 ad
1137 2366 1355 2419 sophistas,
1378 2367 1522 2419 quales
1545 2370 1663 2407 erant

210 2429 417 2484 Prodicus,
461 2434 719 2488 Protagoras,
760 2434 949 2489 Hippias,
992 2435 1062 2487 qui
1102 2435 1152 2475 iis
1194 2437 1446 2489 temporibus
1484 2436 1660 2476 Athenis

210 2500 411 2553 ejusmodi
455 2504 601 2545 studiis
646 2504 883 2555 floruerunt,
936 2505 1154 2557 aggregari
1204 2505 1549 2546 verisimillimum
1597 2508 1661 2545 est

210 2569 343 2622 (plura
387 2573 574 2615 invenies
620 2575 729 2627 apud
773 2573 1003 2625 Grothium,
1050 2574 1102 2614 de
1146 2573 1315 2615 Socrate
1358 2574 1659 2628 Aristophanis,

211 2636 387 2695 Trajecti
417 2643 469 2683 ad
499 2643 704 2695 Rhenum,
740 2647 862 2694 1833,
900 2656 991 2697 pag.
1026 2646 1278 2696 126-139).

324 2709 519 2766 Sequitur
554 2714 719 2754 tertium
759 2714 924 2764 crimen,
964 2715 1072 2766 quod
1114 2715 1341 2755 maximum
1383 2719 1457 2765 est,
1502 2713 1659 2755 Socrati

210 2776 360 2823 datum.
422 2780 612 2823 Socrates
648 2782 765 2823 vanis
806 2782 1083 2837 sophistarum
1124 2783 1176 2824 de
1208 2783 1271 2824 dis
1301 2783 1558 2838 opinionibus
1590 2783 1659 2823 de-
