1870 3066
1560 169 1630 218 517

185 316 363 361 braticus
393 313 466 354 ille
495 311 780 365 ludimagister
800 314 932 366 atque·
952 313 1116 366 ineptiis
1145 312 1436 360 deditissimus,
1466 312 1633 364 qualem

188 386 397 428 Socratem
431 382 472 422 in
510 381 651 434 primis
681 381 869 422 Nubibus
910 383 1121 432 habemus,
1165 382 1206 422 in
1238 381 1428 422 secundis
1468 380 1633 421 scholae

185 454 399 510 imperium
431 449 619 491 Sermoni
649 450 675 491 J
678 453 770 491 usto
800 453 925 504 atque
955 451 1117 505 Injusto
1146 453 1313 492 cederet
1342 464 1390 491 ac
1425 453 1631 504 postremo

185 524 352 567 consilio
373 521 537 562 fabulae
558 533 725 573 prorsus
746 522 992 561 commutato
1013 524 1293 574 seponeretur,
1315 520 1423 561 unde
1442 518 1631 560 effectum

186 599 260 644 est,
299 594 347 633 ut
376 590 673 643 Aristophanes
714 592 785 630 aut
814 603 947 630 novae
985 603 1132 643 operae
1161 592 1270 631 mole
1302 603 1523 644 oppressus
1561 591 1634 630 aut

185 664 328 717 postea
351 659 518 701 Socrate
548 659 866 724 familiarissime
895 672 995 701 usus
1027 660 1189 700 omnino
1220 660 1453 700 comoediae
1483 661 1633 701 retrac-

185 732 334 774 tandae
363 729 579 770 consilium
608 729 816 782 abjiceret.

298 798 393 840 Jam
422 799 564 849 restat,
601 800 647 838 ut
682 797 862 838 animum
892 798 945 838 ad
973 797 1074 838 illud
1108 798 1380 848 attendamus,
1420 799 1528 852 quod
1560 798 1632 839 So-

185 872 316 911 crates
336 869 480 921 postea
499 868 657 908 tantum
675 868 804 917 abest,
827 873 872 907 ut
891 869 1036 919 poetae
1056 867 1243 912 infensus
1263 868 1474 920 iratusque
1495 869 1632 917 fuerit,

185 942 230 980 ut
260 938 382 979 etiam
413 949 505 977 eum
536 950 584 977 eo
615 936 833 978 amicitiam
860 936 1049 990 junxerit
1079 938 1121 976 et
1150 936 1393 977 convivatus
1424 936 1479 977 sit
1512 936 1633 988 (Plat.

187 1008 356 1063 Symp).
424 1006 580 1047 Verum
617 1007 782 1060 quidem
822 1010 897 1055 est,
935 1006 1151 1046 Platonem
1191 1007 1454 1059 maximeque
1495 1006 1634 1046 Xeno-

184 1078 378 1131 phontem
409 1074 556 1116 falsam
586 1078 823 1128 temereque
863 1076 915 1115 de
946 1077 1213 1129 praeceptore
1244 1075 1509 1116 dilectissimo
1540 1086 1633 1116 con-

184 1149 344 1199 ceptam
364 1145 608 1197 opinionem,
640 1159 745 1198 quae
776 1159 826 1186 ea
844 1159 889 1185 re
910 1147 1029 1185 aucta
1050 1146 1172 1195 esset,
1203 1146 1313 1198 quod
1332 1144 1522 1185 nonnulli
1544 1146 1634 1197 ejus

185 1214 489 1267 discipulorum,
500 1212 749 1264 Alcibiades,
771 1213 932 1263 Critias,
951 1213 1242 1263 Theramenes,
1258 1213 1415 1267 patriae
1431 1226 1633 1256 summam

185 1284 420 1325 intulissent
455 1283 742 1332 calamitatem,
781 1287 823 1323 et
861 1284 950 1335 ipse
989 1282 1404 1322 Lacedaemoniorum
1445 1284 1634 1322 instituta

185 1353 348 1406 praeter
396 1353 533 1391 cetera
580 1363 718 1391 amare
768 1351 1075 1393 existimaretur
1131 1348 1268 1406 (216),
1326 1352 1488 1406 scriptis
1540 1365 1632 1392 esse

185 1420 445 1462 minuendam
462 1422 684 1472 censuisse,
707 1422 963 1474 eundemque
977 1420 1297 1474 Xenophontem
1314 1422 1455 1474 primis
1472 1423 1631 1462 duobus

185 1490 515 1535 Memorabilium
545 1490 744 1544 capitibus
785 1491 826 1531 in
867 1490 1072 1531 diluendis
1103 1491 1340 1531 criminibus
1373 1490 1530 1532 Socrati
1562 1492 1632 1531 ob-

180 1560 300 1613 jectis
318 1573 509 1612 magnam
525 1572 691 1613 operam
711 1561 910 1613 posuisse,
931 1573 1007 1599 nec
1028 1563 1165 1599 tamen
1186 1561 1296 1613 apud
1312 1560 1631 1614 Xenophontem

184 1642 357 1682 usquam
390 1629 675 1682 Aristophanis
705 1630 856 1669 mentio
887 1628 945 1679 fit,
986 1641 1062 1668 nec
1092 1629 1201 1682 apud
1231 1628 1446 1670 Platonem
1477 1629 1632 1683 signifi-

185 1700 299 1738 catur
335 1698 413 1738 nisi
452 1698 601 1739 leviter
638 1699 681 1739 in
714 1699 834 1752 Apol.
867 1702 918 1739 19
952 1696 1015 1739 O.:
1058 1698 1198 1739 ταῦτα
1236 1693 1321 1753 γὰρ
1360 1699 1518 1754 ἑωρᾶτε
1559 1699 1633 1741 καὶ

185 1763 308 1823 αὐτοὶ
349 1770 395 1810 ὲν
435 1767 490 1828 τῇ
520 1764 863 1824 Ἀριστοφάνους
901 1766 1116 1822 κωμῳδίᾳ,
1156 1764 1380 1824 Σωκράτη
1411 1763 1513 1811 τινὰ
1550 1772 1635 1811 ἐκεῖ

186 1833 538 1896 περφφερόμενον,
578 1833 808 1898 φάσκοντα
836 1852 882 1879 τε
912 1834 1168 1892 ἀεροβατᾶν
1197 1838 1269 1879 καὶ
1300 1834 1439 1889 ἄλλην
1467 1835 1635 1891 πολλὴν

184 1906 403 1963 φλυαρίαν
433 1907 723 1966 φλυαροῦντα,
752 1898 813 1949 ὧν
833 1901 913 1961 ἐγὼ
933 1903 1058 1949 οὐδὲν
1078 1902 1176 1949 οὔτε
1195 1910 1309 1963 μέγα
1329 1903 1428 1950 οὔτε
1449 1904 1634 1967 σμικρὸν

183 1977 280 2034 πέρι
308 1980 464 2027 ἐπαΐω
505 1979 651 2032 quibus
681 1992 735 2018 ex
757 1978 894 2019 verbis
916 1978 1017 2018 nihil
1037 1979 1232 2031 colligere
1252 1979 1369 2019 nobis
1392 1980 1488 2019 licet
1506 1980 1631 2030 aliud,

185 2059 305 2099 quam
337 2049 446 2101 quod
477 2048 762 2101 conquerendo
793 2046 922 2097 affert,
960 2045 1247 2101 Aristophanis
1284 2047 1425 2088 fabula
1464 2048 1632 2089 falsos

186 2116 237 2156 de
273 2116 442 2159 Socrate
487 2118 650 2172 adjutos
697 2131 788 2158 esse
832 2129 1029 2167 rumores,
1071 2118 1169 2171 quin
1212 2118 1333 2157 etiam
1379 2119 1431 2157 de
1462 2118 1634 2159 Platone

153 2222 156 2226 .
184 2188 404 2228 memoriae
434 2188 641 2241 proditum
681 2189 745 2227 est
784 2187 919 2240 ipsum
951 2186 994 2226 in
1025 2189 1170 2240 poetae
1200 2186 1509 2227 admirationem
1539 2201 1633 2228 con-

184 2267 350 2298 versum
395 2270 570 2310 eumque
616 2257 658 2297 in
707 2256 882 2309 dialogis
932 2256 1223 2309 componendis
1272 2256 1475 2296 imitatum
1526 2271 1631 2298 esse.

185 2321 433 2379 (Olympiod.
464 2326 535 2366 vit.
571 2325 691 2377 Plat.)

298 2466 397 2507 Dixi
418 2467 470 2507 de
494 2466 777 2520 Aristophanis
808 2467 997 2515 consili03
1036 2480 1143 2507 nunc
1174 2467 1225 2507 de
1248 2465 1427 2507 Socratis
1457 2479 1633 2520 persona

186 2535 292 2585 apud
321 2537 438 2578 illum
471 2550 727 2591 quaeramus.
797 2536 890 2577 Jam
926 2538 1211 2591 proposuimus
1241 2536 1559 2590 Aristophanem
1590 2538 1632 2577 in

185 2602 323 2646 fabula
369 2605 549 2648 Socratis
591 2607 814 2660 imaginem
857 2607 1127 2660 expressisse,
1174 2619 1278 2660 quae
1323 2606 1632 2647 similitudinem

186 2675 387 2723 quandam
420 2676 590 2717 haberet
620 2689 712 2716 cum
749 2688 847 2715 vero
878 2689 1185 2729 germanoque,
1217 2689 1314 2716 nam
1343 2678 1631 2729 praeterquam

186 2744 291 2792 quod
323 2745 413 2798 ejus
453 2745 768 2799 philosophandi
806 2747 1059 2798 docendique
1099 2747 1295 2786 rationem
1339 2743 1385 2800 (ἡ
1418 2742 1630 2800 ἐπαγωγή,

1356 2815 1379 2848 2
