1870 3066
24 2348 80 2383 s&

205 144 273 193 10

204 288 450 341 praesertim
482 301 574 329 cum
607 288 868 342 philosophia
896 289 938 329 in
971 290 1104 330 lucem
1144 288 1337 342 prodiret,
1373 289 1522 342 utpote
1562 301 1670 342 quae

204 370 347 397 veram
378 357 613 399 hominibus
635 371 682 398 ac
712 358 1121 412 puram‘religionem
1145 358 1324 412 aperiret
1355 358 1670 413 elz-patefaceret

204 440 359 480 eosque
390 427 554 477 crassis,
590 440 698 481 quae
729 428 782 468 de
811 428 936 468 rebus
968 427 1121 473 divinis
1151 427 1319 480 ingenia
1339 427 1667 481 occupavissent,

204 496 569 550 superstitionibus
585 497 903 551 notionibusque
919 497 1116 537 liberaret
1127 501 1170 537 et
1185 496 1237 536 ad
1250 508 1393 536 veram
1408 509 1667 549 germanam÷

203 579 284 619 que
315 566 367 607 de
409 565 488 606 diis
519 566 746 620 opiniorem
777 567 1010 607 deduceret.
1073 564 1178 606 Inde
1209 565 1363 605 factum
1395 567 1470 616 est,
1501 566 1548 605 ut
1578 565 1667 619 phi-

203 635 365 689 losophi
395 636 437 676 in
478 636 624 689 iisque,
665 637 736 690 qui
758 636 968 690 sophistae
990 635 1319 690 appellabantur,
1350 635 1486 689 prisca
1516 635 1567 676 de
1589 634 1667 677 diis

203 705 394 759 opinione
426 719 481 746 ex
511 706 659 746 animis
691 706 825 759 ejecta
854 707 979 759 atque
1006 705 1197 759 explosa,
1239 717 1344 756 cum,
1386 718 1494 759 quae
1528 706 1667 759 patres

203 774 255 813 de
307 774 385 813 diis
441 775 742 815 immortalibus
797 775 1081 824 credidissent,
1127 773 1304 814 fabellas
1356 774 1487 819 aniles
1541 776 1668 827 atque

192 842 364 896 ‘ineptas
401 843 673 896 judicassent,
721 843 965 896 religionem
1006 843 1307 883 labefactarent
1346 856 1402 883 ex
1438 843 1668 896 animisque

202 911 373 951 deorum
414 912 693 952 reverentiam
730 912 973 952 evellerent.
1041 911 1178 964 Atque
1222 912 1347 952 iidem
1385 912 1524 952 tamen
1570 912 1668 952 licet

199 993 341 1019 rerum
387 981 731 1035 adspectabilium
777 981 1003 1034 mundique
1048 979 1218 1032 originis
1263 983 1411 1021 natura
1447 980 1666 1021 dilucidius

202 1051 372 1090 evoluta
401 1050 610 1090 interdum
641 1051 943 1091 emendatiores
977 1050 1029 1089 de
1059 1050 1137 1090 diis
1163 1050 1376 1103 opiniones
1405 1049 1665 1103 protulerint,

198 1117 387 1170 religioni
436 1131 460 1158 a
502 1120 654 1172 populo
686 1121 878 1173 receptae
918 1118 1108 1158 nocuisse
1153 1118 1252 1158 mihi
1284 1119 1557 1171 omnibusque
1586 1118 1666 1158 visi

199 1186 326 1237 sunt,‘
341 1188 691 1241 propterea-quod
707 1190 901 1243 ,populus
923 1189 975 1228 de
996 1188 1120 1228 rebus
1145 1188 1331 1242 physicis
1354 1188 1506 1241 placita
1525 1189 1664 1229 mente

198 1269 279 1295 non
309 1257 575 1310 complexus,
617 1258 776 1297 ratione
807 1257 1146 1310 philosophorum
1183 1268 1208 1296 a
1238 1256 1536 1297 consuetudine
1572 1268 1665 1296 ocu-

196 1324 331 1364 lorum
361 1326 618 1366 sevocatiore
647 1327 690 1366 in
711 1327 863 1366 malam
892 1329 1056 1379 partem
1077 1328 1258 1379 accepta,
1288 1326 1379 1366 fieri
1409 1339 1490 1366 non
1518 1326 1663 1379 potuit,

197 1396 296 1448 quin
318 1395 568 1448 religionum
597 1397 822 1448 legumque
844 1396 1105 1435 sanctitatem
1124 1394 1377 1434 obtunderet
1396 1396 1439 1435 et
1458 1393 1665 1435 fastidiret

194 1464 472 1517 perderetque
494 1464 652 1518 patriae
673 1477 867 1505 amorem.
900 1463 958 1504 Et
978 1464 1076 1504 dum
1098 1464 1210 1517 pacis
1231 1463 1450 1506 dulcedine
1471 1462 1665 1503 fruuntur

196 1532 490 1583 Athenienses,
529 1534 632 1573 vitia
663 1547 756 1573 sese
787 1533 1097 1573 abscondebant
1137 1537 1207 1572 aut
1245 1532 1440 1572 bonitatis
1481 1532 1664 1585 speeiem

195 1614 295 1656 prae
327 1616 372 1642 se
403 1602 605 1653 ferebant,
639 1602 749 1642 bello
789 1604 927 1642 autem
959 1601 1308 1656 Peloponnesiaco
1340 1603 1485 1642 exorto
1516 1602 1665 1642 cuncta

193 1672 522 1725 prorumpebant
551 1684 599 1712 ac
630 1672 754 1724 longe
790 1672 957 1725 lateque
987 1670 1335 1712 diffundebantur.
1395 1670 1683 1724 Quantopere>

194 1740 516 1782 Atheniensium
546 1752 614 1782 res
645 1741 800 1782 fuerint
827 1740 1006 1782 afflictae
1035 1739 1198 1795 ipsique
1229 1752 1254 1780 a
1283 1740 1485 1794 majorum
1507 1739 1663 1781 virtute

194 1811 556 1863 degeneraverint,
589 1813 635 1851 ut
665 1811 826 1851 facilius
858 1811 1155 1863 intelligamus,
1188 1823 1295 1864 quae
1322 1809 1589 1864 Thucydides
1619 1811 1661 1851 in

194 1876 330 1934 capite
362 1881 614 1934 octogesimo
647 1881 777 1921 altero
809 1879 904 1920 libri
935 1879 1047 1919 tertii
1078 1878 1129 1920 de
1160 1880 1234 1920 illa
1263 1879 1448 1920 civitatis
1485 1892 1661 1920 morum-

194 1964 276 2003 que
297 1950 531 1990 conditione
552 1951 776 2004 scripserit,
809 1949 951 2001 legere
973 1951 1015 1989 et
1037 1949 1224 1990 conferre
1244 1962 1482 2003 possumus:
1517 1962 1663 1994 verum

194 2020 297 2060 haec
327 2019 496 2072 quidem
527 2019 746 2067 hactenus;
781 2041 834 2047 —
867 2031 963 2059 nam
1000 2018 1164 2071 longius
1195 2031 1320 2072 quam
1350 2019 1662 2059 institueramus

193 2092 414 2142 provectos
445 2100 521 2128 nos
553 2101 646 2127 esse
684 2088 886 2127 sentimus
919 2111 973 2116 —-
1004 2087 1057 2127 ad
1089 2089 1344 2142 propositum
1382 2101 1491 2128 nunc
1521 2101 1660 2128 rever-

192 2161 331 2199 tamur
361 2158 403 2209 et
433 2156 663 2207 videamus,
695 2157 899 2209 quomodo
930 2169 1081 2197 novam
1113 2157 1391 2211 sophistarum
1421 2158 1661 2209 doctrinam,

193 2240 300 2280 quae
346 2225 506 2279 patriae
548 2226 825 2266 calamitatem
863 2226 1085 2277 intulisset,
1133 2228 1176 2266 et
1217 2225 1399 2267 Socratis
1440 2239 1661 2279 personam

191 2296 301 2336 inter
331 2308 377 2335 se
407 2294 650 2348 conjunctas
671 2294 853 2335 voluerit
871 2296 1004 2348 poeta.
1066 2293 1179 2341 Quid
1200 2295 1334 2348 ergo?
1375 2294 1661 2337 Censemusne

191 2365 357 2419 poetam
397 2364 607 2405 luxuriam
648 2363 998 2417 insolentiamque
1027 2363 1191 2415 civium,
1232 2364 1489 2418 impietatem
1519 2377 1660 2406 eorum

189 2435 233 2475 in
263 2436 459 2487 parentes
490 2447 539 2474 ac
575 2447 685 2485 suos,
732 2433 900 2485 linguae
931 2434 1238 2474 volubilitatem
1279 2435 1405 2487 atque
1444 2434 1580 2475 litium
1618 2437 1661 2476 et

187 2504 437 2556 judiciorum
484 2516 680 2553 amorem,
728 2514 836 2555 quae
876 2502 1015 2543 omnia
1059 2503 1102 2543 in
1143 2502 1335 2544 Nubibus
1375 2503 1462 2544 suis
1502 2503 1660 2544 salibus

191 2571 437 2626 perstringit
478 2572 521 2612 et
565 2571 608 2611 in
649 2570 873 2612 ludibrium
911 2572 1137 2623 convertit,
1179 2570 1339 2613 Socrati
1380 2572 1458 2612 soli
1500 2572 1660 2613 crimini

191 2641 358 2681 dedisse
399 2640 583 2681 omnium
624 2641 798 2681 istorum
840 2640 1036 2681 vitiorum
1085 2640 1266 2682 auctori?
1335 2640 1402 2681 An
1451 2641 1571 2681 illum
1616 2641 1660 2682 in

193 2708 376 2751 Socratis
406 2708 668 2763 potissimum
706 2722 928 2764 personam
965 2709 1172 2762 incidisse,
1212 2722 1306 2750 cum
1352 2710 1545 2762 omnium,
1588 2709 1660 2763 qui
