1870 3066
219 178 285 240 22

220 319 330 359 ditus
349 332 491 360 ·novos
522 319 744 360 introducit
775 319 874 360 deos
905 332 952 359 ac
982 319 1224 373 religionem
1250 319 1481 361 labefactat.
1542 318 1674 365 Quos—

218 401 313 429 nam
346 389 472 429 deos?
533 389 598 428 An
637 388 826 428 nimirum
868 387 984 439 illud,
1029 388 1135 441 quod
1168 388 1219 428 de
1247 387 1414 429 Socrate
1444 388 1674 441 accepimus

220 457 413 511 quodque
457 457 509 497 ab
546 457 635 510 ipso
676 457 719 497 in
760 457 875 498 libris
908 456 1206 498 Socraticorum
1238 471 1362 512 saepe
1393 457 1551 509 dicitur,
1583 470 1675 498 esse

219 527 405 566 divinum
450 526 659 579 quiddam,
702 528 810 579 quod
851 523 1123 581 ὃαιμόνιονθ)
1169 527 1362 580 appellat,
1410 527 1473 566 cui
1513 538 1676 579 semper

220 594 405 648 paruerit
445 606 656 647 nunquam
703 594 947 648 impellenti,
993 608 1117 650 saepe
1161 595 1397 636 revocanti?
1466 593 1582 646 (Cic,
1622 594 1675 635 de

219 663 344 705 divin.
380 663 415 713 Ι,
462 665 529 714 54,
563 663 672 714 112.)
732 664 905 705 Minime
934 678 1044 705 vero.
1108 665 1158 705 In
1189 666 1298 705 omni
1328 665 1436 705 enim
1468 664 1676 705 comoedia

218 733 334 773 nulla
375 732 499 786 hujus
542 732 672 773 divini
714 733 894 775 numinis
932 734 980 776 fit
1020 735 1185 775 mentio.
1252 733 1448 775 Attamen
1485 731 1675 774 Socrates

165 796 167 798 ’
220 800 450 855 Strepsiadi
493 802 645 842 dicenti
685 798 891 857 »μισθὸν
927 800 1125 859 ὀμοῦμαί
1161 817 1230 846 σοι
1269 798 1546 855 καταθήσειν
1576 797 1676 851 τοὺς

217 866 367 922 θεούς,
400 872 512 913 246“
542 873 786 926 respondet:
818 873 970 921 ποίους
994 868 1131 922 θεοὺς
1159 870 1257 927 ὀμεῖ
1286 868 1357 923 σύ;
1388 872 1562 930 πρῶτον
1591 866 1675 929 γὰρ

217 939 320 981 θεοὶ
352 936 460 995 ἡμῖν
491 937 664 996 νόμισμ’
702 938 779 983 οὐκ
809 942 913 993 ἔστι,
954 942 1101 993 quibus
1123 943 1263 983 verbis
1284 956 1329 982 se
1351 942 1450 983 deos
1471 941 1673 992 venerari,

216 1021 291 1062 per
333 1022 435 1062 quos
473 1011 662 1052 homines
697 1011 838 1065 jurare
881 1011 1053 1063 soleant,
1095 1012 1231 1065 negat.
1301 1010 1428 1052 Paulo
1467 1011 1562 1064 post
1600 1022 1675 1050 sua

216 1078 385 1118 numina
408 1092 500 1120 esse
521 1081 653 1120 nubes
684 1080 812 1131 (252),
840 1083 978 1121 aerem
1000 1082 1129 1132 (264),
1157 1081 1326 1131 aethera
1346 1082 1459 1131 (265)
1481 1079 1671 1120 declarat.

218 1145 385 1187 Etenim
417 1148 506 1202 jam
542 1150 639 1190 inde
678 1163 703 1189 a
733 1149 906 1191 Thalete
947 1163 1080 1203 usque
1117 1150 1168 1191 ad
1201 1148 1413 1191 Socratem
1442 1162 1517 1204 per
1546 1150 1672 1190 totam

218 1214 436 1259 Graeciam
468 1220 732 1271 exstiterunt,
774 1220 844 1273 qui
887 1219 1050 1260 sublata
1091 1220 1225 1273 prisca
1255 1220 1454 1273 religione
1487 1220 1557 1259 aut
1585 1219 1673 1259 uni-

216 1299 380 1327 versam
402 1290 583 1330 mentem
605 1290 758 1340 mundi,
788 1302 811 1329 a
832 1302 913 1342 qua
933 1289 1069 1330 omnia
1090 1288 1234 1330 effecta
1255 1291 1407 1340 essent,
1430 1289 1670 1339 statuerent,

219 1358 289 1396 aut
310 1360 522 1402 concretos
543 1359 639 1398 illos
661 1360 785 1411 atque
806 1358 1039 1398 individuos
1068 1351 1169 1399 deos
1190 1358 1432 1398 Homericos
1454 1357 1674 1410 allegorice

216 1424 599 1479 interpretarentur.
673 1426 764 1473 Quo
796 1428 950 1467 factum
982 1429 1057 1477 est,
1089 1429 1133 1467 ut
1164 1440 1360 1478 crassum,
1392 1426 1461 1480 qui
1492 1428 1673 1477 vocatur,

217 1495 542 1550 polytheismum
575 1497 784 1551 aspernati
814 1499 886 1537 aut
905 1497 957 1536 ad
978 1496 1106 1549 ipsius
1127 1499 1297 1537 naturae
1318 1496 1441 1546 vires,
1473 1509 1495 1535 e
1526 1496 1675 1548 quibus

218 1563 460 1604 universum
499 1567 766 1617 manavisset,
809 1567 1043 1621 spectarent
1084 1567 1126 1606 et
1161 1566 1203 1605 in
1243 1565 1509 1620 physicorum
1539 1565 1675 1605 studia

219 1646 263 1673 se
295 1633 507 1686 abderent,
547 1641 619 1676 aut
656 1636 708 1676 ad
747 1648 890 1675 veram
930 1636 972 1676 et
1007 1635 1229 1688 genuinam
1266 1635 1387 1675 unius
1421 1636 1497 1676 Dei
1527 1635 1674 1686 ideam,

219 1714 242 1742 a
274 1715 353 1755 quo
385 1704 572 1744 mundus.
594 1707 756 1745 creatus
788 1706 911 1756 esset,
954 1705 1206 1749 accederent.
1268 1704 1405 1757 Atque
1435 1705 1477 1745 in
1507 1704 1571 1744 his
1602 1703 1675 1745 So-

216 1773 372 1814 cratem
402 1773 570 1827 quidem
601 1775 762 1816 constat
802 1773 1062 1830 purissimam
1103 1774 1154 1815 de
1186 1774 1273 1815 Deo
1304 1773 1535 1829 opinionem
1568 1774 1675 1828 cogi-

219 1842 482 1883 tatione-sibi
513 1844 739 1886 effinxisse.
807 1843 946 1890 Quare
978 1857 1092 1895 cave,
1133 1858 1198 1895 ne,
1230 1844 1339 1897 quod
1370 1844 1676 1897 eumphysicis

219 1911 403 1951 deditum
425 1925 518 1953 esse
540 1914 663 1967 poeta
684 1912 794 1964 dicit,
824 1913 895 1955 illo
918 1913 1087 1954 crimine
1110 1912 1321 1955 Socratem
1341 1913 1426 1967 peti
1449 1913 1673 1954 existimes.

218 1981 371 2023 Narrat
402 1983 569 2036 quidem
606 1983 649 2023 in
680 1983 865 2024 Platonis
897 1976 1117 2025 Phaedone
1160 1984 1230 2035 (96
1262 1984 1311 2023 A.
1344 1983 1475 2036 seqq.)
1506 1996 1550 2023 se
1581 1983 1676 2023 ado-

218 2052 494 2093 lescentulum
515 2053 663 2093 mirum
683 2052 726 2093 in
747 2053 913 2094 modum
934 2053 972 2093 ei
989 2053 1227 2107 sapientiae,
1249 2065 1371 2106 quam
1392 2051 1489 2110 περὶ
1510 2047 1682 2112 φύσεως,

220 2121 420 2179 ἱστορίαν
459 2125 669 2174 vocarent,
710 2123 945 2175 indulsisse,
987 2123 1045 2164 ita
1086 2124 1131 2163 ut
1170 2122 1436 2177 physicorum
1467 2121 1676 2176 opiniones

220 2192 582 2245 dissensionesque
632 2193 883 2245 cognoverit,
935 2196 1074 2234 tamen
1118 2193 1236 2233 illum
1280 2205 1461 2245 unquam
1504 2191 1678 2246 physica

220 2262 431 2318 discipulis
463 2262 683 2303 tradidisse
710 2263 886 2303 multum
907 2263 1024 2303 abest
1044 2264 1092 2303 ut
1110 2262 1322 2317 probabile
1343 2261 1407 2302 sit.
1468 2261 1675 2313 Diogenes

220 2332 328 2373 enim
373 2331 563 2373 Laertius
610 2331 833 2384 Socratem,
884 2345 977 2372 cum
1027 2331 1312 2386 perspexisset
1360 2325 1443 2382 τὴν
1487 2324 1677 2389 φυσικὴν

219 2401 418 2458 θεωρίαν
447 2400 587 2456 μηδὲν
617 2395 730 2443 εἶναι
759 2397 868 2459 πρὸς
896 2399 1025 2456 ἡμᾶς,
1067 2402 1119 2442 ad
1148 2400 1450 2455 philosophiam
1481 2401 1678 2442 moralem

219 2486 265 2513 se
295 2472 548 2513 convertisse
591 2471 812 2513 memoriae
852 2472 1042 2527 prodidit.
1112 2471 1250 2525 Atque
1289 2471 1397 2512 idem
1437 2470 1678 2512 confirmant

219 2543 338 2583 Plato
370 2541 704 2595 Xenophonque,
745 2555 837 2581 cum
875 2556 957 2582 non
997 2542 1131 2581 solum
1166 2543 1341 2593 uterque
1370 2543 1677 2595 praeceptorem

218 2612 269 2653 ab
317 2610 520 2665 ejusmodi
567 2611 715 2651 studiis
753 2611 916 2652 omnino
958 2611 1219 2652 abhorruisse
1259 2612 1561 2662 commemorat,
1603 2610 1677 2651 sed.

334 2761 366 2805 ⁸)
384 2759 443 2796 De
458 2759 653 2795 daemonio
669 2759 754 2795 vide
771 2769 969 2796 excursum
977 2758 1262 2795 Breitenbachii
1276 2758 1315 2794 in
1323 2744 1676 2797 Xen.Mem.cd.IV.
