1870 3066
1519 178 1581 227 31

143 335 275 381 paene
316 321 544 376 interrupto
588 320 786 362 rationem
830 320 983 362 habere
1028 320 1356 368 consuevissent;
1402 319 1442 360 id
1486 320 1585 361 satis

144 393 243 434 mihi
272 393 459 431 constare
487 390 662 438 videtur,
694 402 784 437 cum
815 391 1084 429 secundarum
1115 395 1289 428 metrum
1313 389 1585 442 Eupolideum

145 463 209 512 sit,
240 460 462 515 primarum
491 458 709 512 parabasin
745 461 911 513 propter
940 458 1044 499 initii
1073 471 1238 498 versus:

420 524 507 570 ἀλλ’
543 525 620 570 ἰ’θι
644 528 809 585 χαίρων
839 528 917 580 τῆς
946 525 1147 584 ἀνδρείας

419 593 575 640 οὕνεκα
602 594 765 650 ταύτης

147 667 417 721 anapaesticis
443 668 706 718 tetrametriS,
736 670 783 707 ut
803 670 867 707 est
896 667 1148 708 consuetudo
1178 667 1449 719 parabasium‚
1482 679 1589 706 com-

73 791 81 800 Ι
148 737 482 793 positam3fuisse
512 736 577 787 (cf.
609 735 745 779 Schol.
778 740 860 779 520
891 735 969 789 „01'1
998 737 1078 779 τοῦ
1105 733 1241 778 αὐτοῦ
1269 739 1429 794 μέτρου
1462 737 1514 797 τῇ
1543 740 1590 779 ὲν

148 813 245 856 ταῖς
274 805 493 864 Νεφέλαις
520 800 739 864 πρώταις).

263 876 326 917 De
357 876 625 917 altercatione
653 876 867 929 utriusque
891 874 1101 916 Sermonis
1132 876 1437 927 (889—1104)
1468 878 1509 916 et
1539 877 1590 917 de

148 946 337 988 incendio.
356 946 501 986 domus
523 943 754 986 Socraticae
783 946 1115 996 <1471—1510)
1147 946 1359 998 quaerenti
1389 947 1489 986 mihi
1519 947 1590 986 du-

149 1017 261 1057 bium
291 1029 371 1056 non
402 1017 467 1056 est
496 1028 630 1068 neque
660 1014 849 1067 cuiquam
879 1014 968 1065 erit,
1008 1014 1105 1067 quin
1140 1015 1234 1068 jure
1265 1015 1416 1068 optimo
1448 1016 1499 1055 ad
1530 1030 1592 1056 se-

122 1085 304 1125 ·cundas
342 1084 485 1125 Nubes
531 1084 774 1124 referantur.
841 1082 959 1131 Quid,
995 1083 1036 1123 in
1083 1083 1222 1135 primis
1259 1084 1422 1124 illorum
1458 1085 1592 1124 locum

71 1192 75 1196 .
153 1154 377 1194 obtinuisse
398 1154 598 1204 videatur,
625 1153 713 1207 jam
734 1153 959 1206 explanare
981 1153 1061 1202 vel,
1093 1165 1184 1192 cum
1205 1154 1404 1206 pauculae
1435 1157 1592 1195 tantum

152 1223 384 1263 comoediae
427 1223 572 1276 prioris
610 1222 808 1275 reliquiae
850 1222 901 1261 ad
948 1222 1053 1262 hanc
1093 1224 1270 1262 aetatem
1315 1223 1592 1276 pervenerint,

153 1292 288 1345 potius
319 1293 517 1346 conjicere
548 1292 732 1333 conabor.
783 1290 844 1331 Ac
873 1292 1047 1345 primum
1079 1292 1245 1345 quidem
1276 1293 1592 1346 Aristophanem

153 1362 194 1401 in
249 1362 451 1415 prioribus
492 1362 680 1402 Nubibus
720 1361 848 1401 multo
892 1362 1024 1401 fusius
1075 1362 1115 1401 in
1156 1360 1334 1401 Socratis
1371 1362 1594 1416 discipulos

155 1431 361 1472 invectum
393 1446 485 1472 esse
507 1432 690 1480 arbitror,
721 1430 778 1470 ita
810 1433 944 1470 tamen
976 1433 1021 1470 ut
1048 1429 1257 1470 Socratem
1290 1432 1594 1484 deperditorum

155 1512 293 1539 eorum
323 1513 481 1540 morum
512 1502 718 1540 auctorem
755 1498 885 1551 fingat
915 1501 957 1539 et
986 1512 1142 1539 morum
1174 1500 1508 1553 depravationem
1541 1514 1595 1541 ex

72 1573 74 1577 '
154 1569 313 1609 novicia
350 1570 479 1623 ipsius
509 1569 763 1610 institutione
796 1581 843 1608 ac
883 1568 1099 1621 disciplina
1127 1569 1362 1609 manavisse
1392 1570 1593 1610 ostendat.

155 1635 223 1678 Sic
251 1638 350 1678 mihi
380 1638 421 1678 in
452 1639 593 1692 primis
617 1637 899 1691 Chaerephon,
930 1638 1118 1678 fortassis
1149 1639 1273 1678 etiam
1303 1639 1373 1679 alii
1400 1637 1595 1680 Socratici

139 1707 195 1747 ·in
218 1708 370 1748 ·varias
404 1709 757 1762 ·reprehensiones
796 1707 1016 1747 incurrisse
1057 1721 1281 1761 eorumque
1311 1709 1412 1749 vitia
1456 1711 1595 1763 populi

154 1777 328 1817 ludibrio
367 1778 552 1831 subjecta
587 1791 679 1818 esse
709 1779 912 1818 videntur.
973 1776 1107 1823 Quam
1146 1778 1392 1818 sententiam
1426 1780 1473 1818 ut
1506 1792 1597 1833 pro·

155 1845 310 1897 bemus,
357 1847 597 1887 adducimur
637 1847 719 1887 illis
751 1847 984 1900 Vesparum
1023 1848 1213 1887 versibus
1255 1848 1598 1898 (1037—1043),

132 1911 302 1966 'quibus
340 1917 463 1969 poeta
493 1916 544 1956 de
581 1916 730 1970 injuria
759 1915 948 1957 Nubibus
990 1928 1096 1956 anno
1128 1917 1338 1970 superiore
1374 1918 1598 1972 repudiatis

156 1985 232 2026 sibi
262 1987 378 2027 illata
407 1999 499 2030 cum
530 1987 680 2040 populo
720 1986 966 2039 gravissime
1003 1987 1278 2039 conqueritur.-
1336 1986 1503 2027 Etenim
1544 1989 1599 2028 ibi

156 2055 278 2103 etiam
307 2056 485 2109 juvenes
515 2056 773 2107 inducuntur,
805 2057 955 2110 quippe
977 2055 1047 2109 qui
1077 2056 1192 2095 tanta
1220 2055 1481 2109 improbitate
1503 2058 1599 2097 emi-

156 2126 291 2176 neant,
321 2127 368 2166 ut
396 2129 534 2178 patres
556 2139 737 2180 avosque
767 2124 967 2166 suffocent
996 2126 1317 2178 innocentesque
1339 2127 1452 2166 cives
1483 2127 1600 2166 falla-

157 2193 268 2234 cibus
307 2195 434 2235 illatis
474 2196 615 2235 litibus
654 2197 706 2235 de
742 2196 917 2235 fortunis
955 2195 1142 2235 omnibus
1183 2195 1413 2235 deturbent.
1475 2195 1598 2235 Porro

157 2273 247 2304 cum
276 2264 326 2305 in'
349 2265 544 2306 dramatis
586 2265 773 2319 personis
804 2266 967 2318 legatur
1004 2266 1079 2305 sub
1118 2265 1242 2305 finem
1274 2263 1599 2319 Chaerephontis

157 2345 302 2374 nomen
340 2349 474 2389 neque
511 2337 649 2384 tamen
687 2336 765 2376 iste
804 2334 932 2375 verba
971 2335 1093 2374 faciat
1138 2335 1232 2385 (nisi
1274 2335 1378 2375 forte
1416 2348 1453 2374 v.
1488 2336 1597 2375 1505

158 2398 262 2457 ,,ὲγὼ
301 2403 346 2447 δὲ
392 2404 666 2459 κακοδαίμων
707 2420 754 2458 γε
799 2399 1242 2458 κατακαυθήσομαιί,
1288 2418 1393 2456 quae
1434 2404 1600 2456 quidem

157 2475 295 2525 verba,
326 2486 418 2514 cum
447 2474 719 2528 posteriorum
749 2472 931 2512 Nubium
961 2474 1054 2524 sint,
1085 2474 1127 2512 in
1156 2473 1363 2512 nonnullis
1385 2473 1473 2525 jam
1493 2472 1600 2512 codi-

158 2540 269 2583 cibus
299 2544 419 2585 alteri
448 2544 647 2599 discipulo
678 2543 938 2594 tribuuntur),
969 2543 1011 2583 in
1040 2542 1242 2596 prioribus
1262 2541 1436 2595 majores
1462 2544 1601 2595 partes

160 2611 293 2661 egisse
319 2607 501 2663 ridetur,
541 2614 782 2666 praesertim
819 2625 911 2653 cum
950 2613 992 2652 in
1032 2612 1252 2665 superstite
1292 2612 1425 2650 adhuc
1464 2611 1604 2651 fabula

158 2677 362 2722 interdum
392 2683 481 2738 ejus
512 2683 664 2724 mentio
694 2683 766 2724 fiat
795 2685 908 2735 (104,
943 2683 1191 2732 144—155,
1217 2683 1469 2733 156—164,
1507 2682 1602 2733 503,

160 2751 253 2802 831,
287 2756 424 2804 1465).
484 2742 588 2795 Inde
626 2755 801 2795 dilucide
839 2754 1098 2807 cognoscitur
1133 2765 1275 2792 omnes
1306 2765 1375 2792 eos
1406 2751 1530 2802 locos,
1563 2752 1604 2792 in
