1870 3066
225 150 260 199 4

225 302 332 345 quae
362 289 507 332 fabula
537 290 715 344 explosa
745 291 821 342 est,
869 290 942 331 aut
971 302 1054 331 non
1089 289 1302 342 mutatam,
1349 290 1421 331 aut
1460 285 1526 346 (ut
1564 289 1692 344 vulgo

223 355 392 413 putant)
439 358 589 399 leviter
633 358 701 398 hic
749 359 835 399 illic
879 358 1141 399 emendatam
1191 359 1491 413 spectatoribus
1541 359 1693 399 iterum

223 428 453 469 obtrusisse
482 427 649 469 invitis?
711 425 882 479 Omitto,
915 427 1025 481 quod
1055 440 1101 468 re
1134 428 1225 482 ipsa
1255 430 1421 470 coactus
1452 430 1540 469 erat
1571 430 1694 482 poeta

223 497 407 550 quinque
435 497 554 537 annis
585 499 682 550 post
711 497 844 537 multa
873 498 944 537 vel
975 497 1174 548 obsoleta,
1216 498 1287 538 vel
1316 498 1425 539 falsa
1449 498 1537 552 jam
1568 499 1693 551 atque

222 566 366 621 inepta
395 565 550 617 delere,
583 566 625 607 et
655 565 699 608 in
731 579 874 608 eorum
905 566 1041 608 locum
1071 578 1139 607 res
1178 566 1304 621 longe
1343 567 1447 608 alias
1489 566 1692 609 sufficere.

222 635 335 676 Num
381 648 482 676 vero
528 636 728 688 frequens
775 637 954 689 populus
997 638 1230 689 spectatum
1269 637 1374 677 isset
1414 637 1692 690 contemptam

222 704 406 746 fabulam
453 707 495 746 et
544 703 840 759 repudiatam?
916 704 1029 747 Num
1078 706 1203 747 istam
1247 706 1423 747 relatam
1467 695 1692 759 probabilis

222 773 367 814 histrio
398 775 510 814 ullus
540 787 623 814 non
654 775 776 814 modo
808 775 959 826 aliquis
990 787 1165 826 graecus
1196 774 1242 816 L.
1275 775 1495 815 Ambivius
1526 773 1692 828 Turpio,

223 843 404 896 egisset?
465 841 579 884 Num
620 843 825 897 choragus
865 843 908 883 in
943 843 1066 884 istam
1106 845 1246 885 tantos
1276 845 1467 899 sumptus
1497 843 1691 901 fecisset?

223 912 337 954 Num
368 913 548 966 denique
578 913 690 953 istud
710 913 802 954 fieri
830 915 1073 967 paterentur
1092 914 1173 968 ipsi
1204 914 1499 967 magistratus?
1560 912 1691 964 Quae,

223 984 393 1035 malum,
414 983 518 1024 haec
540 981 697 1025 Comici
718 983 951 1037 pervicacia
981 984 1072 1024 est?
1133 983 1299 1025 Dicere:
1321 983 1472 1024 iterum
1493 984 1691 1037 spectate,

223 1054 266 1092 et
292 1053 381 1106 jam
410 1053 600 1107 laudate3
627 1053 790 1105 judices
810 1053 982 1106 prioreS,
1013 1067 1185 1106 vosque,
1217 1055 1484 1106 spectatores,
1512 1052 1691 1105 pessime

222 1122 321 1163 olim
347 1122 579 1176 judicastis.
639 1121 745 1162 Puto
777 1122 983 1176 equidem,
1014 1122 1057 1162 id
1087 1136 1141 1161 ne
1172 1121 1335 1174 legibus
1366 1121 1534 1175 quidem
1562 1119 1692 1160 Athe-

222 1191 430 1231 niensium
451 1191 634 1241 licuisse,
657 1191 716 1230 sio
732 1191 910 1231 illuder'e
937 1191 1169 1231 auctoritati
1186 1191 1373 1243 judicum
1395 1189 1691 1244 publicorum.“

223 1259 505 1301 Athenienses
537 1259 647 1300 enim
678 1260 795 1300 tanta
824 1259 981 1313 ingenii
1021 1259 1235 1300 celeritate
1265 1258 1441 1313 praediti
1473 1260 1603 1308 erant,
1645 1258 1693 1297 ut

223 1329 275 1369 de
306 1330 462 1369 virtute
493 1328 657 1381 poetica
687 1330 923 1369 comoediae
949 1330 1138 1382 judicare
1166 1341 1291 1382 posse
1322 1328 1401 1368 sibi
1431 1328 1690 1380 viderentur;

221 1412 322 1439 num
368 1398 618 1439 sententiam
665 1399 796 1438 semel
843 1399 895 1438 de
941 1398 1083 1438 fabula
1126 1397 1254 1437 latam
1298 1398 1532 1438 mutarent?
1607 1396 1690 1444 Qui

223 1468 391 1520 quidem
432 1480 524 1507 cum
567 1471 610 1507 et
648 1467 970 1508 obscoenissime
1012 1469 1121 1507 dicta
1162 1468 1205 1506 et
1242 1467 1416 1507 facetius
1459 1467 1692 1520 significata

222 1539 363 1577 mente
394 1536 781 1590 complecterentur,
812 1549 911 1576 num
932 1536 1186 1577 comoediam
1208 1535 1286 1575 sibi
1306 1535 1457 1576 iterum
1479 1536 1690 1577 obtrusam

223 1606 444 1647 laudarent
472 1605 696 1659 palmaque
728 1607 949 1646 ornarent?
1019 1605 1138 1652 Quae
1178 1593 1290 1645 cum*
1311 1606 1370 1645 ita
1408 1606 1505 1656 sint,
1545 1604 1690 1645 Nubes

138 1702 145 1708 -
221 1675 381 1729 priores
412 1676 579 1729 poetam
616 1674 659 1714 in
700 1675 895 1715 maximis
936 1666 1200 1727 minimisque
1238 1673 1363 1713 rebus
1403 1674 1591 1714 omnibus
1632 1674 1691 1715 ita

221 1745 388 1799 penitus
421 1744 644 1784 emendare
666 1744 862 1795 voluisse,
894 1746 942 1784 ut
961 1757 985 1784 a
1007 1744 1160 1793 fabula,
1192 1743 1358 1796 qualem
1380 1756 1454 1783 nos
1477 1743 1689 1794 habemus,

220 1813 346 1867 plane
392 1813 583 1853 diversae
631 1814 784 1862 essent,
832 1815 977 1866 postea
1022 1812 1198 1865 probare
1243 1812 1519 1852 studebimus:
1567 1825 1688 1863 nunc,

220 1885 361 1923 utrum
399 1882 646 1935 superstites
683 1881 830 1922 Nubes
870 1882 1114 1921 commissae
1160 1882 1245 1922 sint
1299 1893 1429 1921 necne
1467 1881 1688 1935 quaeritur.

220 1950 325 1997 Quis
365 1951 472 1991 illud
516 1951 777 2002 scholiastae,
825 1949 969 1991 Nubes
1002 1950 1062 1991 II.
1098 1950 1335 2004 insequenti
1379 1963 1486 1990 anno
1522 1948 1690 1990 Aminia

219 2008 417 2060 archonte
449 2021 592 2060 doctas
623 2033 716 2060 esse
748 2034 893 2060 verum
930 2033 1024 2060 esse
1055 2020 1293 2061 existimet?
1353 2019 1500 2071 Nemo,
1531 2021 1688 2074 opinor.

218 2088 328 2130 Nam
360 2103 416 2129 ex
436 2089 577 2129 verbis
596 2089 847 2142 parabaseos
871 2086 996 2144 (553)
1027 2083 1245 2139 „Eissnom
1271 2089 1355 2144 μὲν
1375 2084 1455 2131 τὸν
1475 2088 1690 2147 Μαρικᾶν

217 2154 469 2214 πρώτιστον
498 2158 812 2214 παρείλκυσεν(
853 2158 1114 2211 apertissime
1153 2159 1300 2210 elucet,
1342 2159 1562 2212 parabasin
1605 2172 1688 2199 non

217 2227 333 2280 prius
364 2239 490 2280 quam
521 2239 627 2267 anno
650 2228 736 2267 420
765 2228 837 2267 aut
865 2229 948 2267 419
980 2226 1176 2281 scriptam
1208 2240 1314 2278 esse,
1346 2239 1440 2267 cum
1471 2227 1688 2281 Eupolidis

216 2297 442 2347 comoedia,
474 2297 539 2337 cui
570 2310 721 2337 nomen
761 2298 826 2336 est
855 2295 1047 2347 Maricas,
1089 2291 1274 2353 ὕστερον
1314 2296 1450 2352 τρίτῳ
1476 2294 1561 2337 ἔτει
1601 2295 1690 2338 τῶν

218 2365 431 2425 Νεφελῶν
462 2362 651 2420 (Olymp.
686 2368 754 2417 89,
786 2368 812 2406 4
843 2382 902 2400 =
932 2367 1018 2407 420
1049 2378 1084 2406 a.
1108 2363 1204 2406 Chr.
1227 2366 1285 2417 n.)
1316 2367 1408 2406 acta
1438 2366 1492 2406 sit
1512 2364 1689 2406 Lenaeis

215 2433 287 2490 (cf.
319 2435 548 2486 Fritzsche,
581 2434 633 2475 de
663 2435 745 2476 fab.
776 2436 874 2476 retr.
907 2434 983 2486 IL,
1015 2431 1074 2489 4).
1137 2434 1311 2475 Accedit
1345 2434 1455 2488 quod
1488 2435 1612 2489 poeta
1645 2435 1689 2475 in

182 2512 187 2515 “
214 2505 350 2559 prima
379 2504 630 2558 parabaseos
651 2507 770 2558 parte
792 2502 992 2544 Cleonem
1014 2506 1236 2555 mortuum,
1267 2504 1310 2544 in
1334 2505 1524 2544 extrema
1544 2503 1687 2544 vivum

212 2575 445 2629 impugnat,
479 2573 590 2613 unde
622 2573 842 2626 colligitur,
875 2573 1142 2624 comoediam,
1175 2573 1343 2626 qualem
1373 2585 1449 2613 nos
1470 2572 1686 2624 habemus,

213 2657 322 2684 anno
344 2645 428 2684 422
452 2655 536 2682 uon
557 2642 706 2681 iterum
728 2643 911 2695 potuisse
935 2643 1085 2693 doceri,
1118 2642 1312 2695 quoniam
1345 2653 1497 2695 pugna,
1530 2642 1573 2682 in
1604 2655 1687 2695 qua

214 2711 316 2754 Cleo
348 2712 509 2764 cecidit,
543 2713 702 2751 aestate
737 2712 925 2765 ejusdem
957 2712 1053 2752 anni
1089 2708 1159 2767 (cf.
1193 2710 1240 2750 E.
1275 2708 1458 2762 Curtius,
1500 2711 1593 2752 hist.
1625 2724 1686 2764 gr.
1738 2742 1870 3066 q
