1870 3066
1608 186 1672 235 23

208 334 335 374 'alter
363 328 487 369 etiam
523 327 649 378 addit,
691 341 784 368 eum
822 329 946 368 talem
984 328 1225 381 sapientiam
1263 341 1356 369 esse
1394 327 1672 381 insipientium

231 414 327 457 prae
357 411 403 437 se
433 396 589 437 tulisse.
648 396 784 450 (Apol.
813 401 878 438 19.
901 398 958 445 Β;
991 398 1115 438 Mem.
1137 397 1171 448 Ι,
1205 401 1242 447 1,
1273 399 1353 445 11.)
1411 397 1522 442 Quid
1542 397 1674 437 dicam

232 472 281 514 de
312 465 491 510 Socratis
528 479 665 506 rerum
702 466 940 507 caelestium
980 469 1022 506 et
1060 466 1334 507 astronomiae
1376 466 1534 516 studiis,
1576 466 1675 519 quid

230 542 410 581 locorum
439 536 590 575 molem
621 533 798 585 afferam,
835 534 877 574 in
907 534 1055 586 quibus
1085 536 1157 573 aut
1184 534 1226 573 in
1255 535 1376 574 corbe
1404 534 1554 587 pensili
1583 548 1674 573 ver-

229 620 324 649 sans
355 605 428 645 aut
461 617 486 644 a
514 603 601 644 vita
630 604 867 656 quotidiana
905 604 1086 643 remotus
1126 603 1257 645 nubes
1288 605 1329 643 et
1358 603 1495 644 inania
1524 606 1673 657 captat,

230 676 327 730 quid
356 675 503 726 loquar
531 672 583 712 de
605 672 824 713 subtilibus
846 671 1010 725 quidem
1031 672 1351 724 quaestionibus,
1382 672 1456 712 sed
1477 685 1673 726 perquam

227 743 453 794 inutilibus,
495 755 600 795 quae
640 754 664 791 a
696 740 863 783 Socrate
900 744 942 781 et
972 739 1286 794 Chaerephonte
1316 744 1540 795 ponuntur:
1573 745 1674 796 quot

228 815 291 856 sui
332 813 462 867 ipsius
506 811 635 865 pedes
680 808 896 851 emetiatur
940 810 1086 864 pulicis
1132 811 1287 851 saltus?
1330 814 1465 850 utrum
1508 825 1577 851 ore
1620 825 1672 851 an

226 883 368 938 podice
388 893 511 921 sonos
531 880 656 925 edant
675 880 853 922 culices?
892 878 982 919 Nec
996 880 1176 919 aetheris
1197 878 1332 919 Turbo
1353 877 1390 930 (ὁ
1413 880 1540 927 Δῖνος
1560 881 1672 931 380),

227 965 306 1006 quo
344 950 503 990 fulmen
540 950 664 1002 atque
700 948 895 989 tonitrum
934 947 1023 988 fieri
1053 947 1242 988 Socrates
1286 948 1472 1003 docuisse
1516 948 1673 999 dicitur,

228 1034 303 1062 nos
331 1018 539 1074 impediet,
571 1017 789 1071 quominus
819 1017 886 1058 hic
915 1018 1036 1071 culpa
1066 1031 1161 1058 eum
1187 1018 1350 1058 omnino
1371 1017 1551 1058 caruisse
1567 1018 1674 1071 judi-

227 1103 382 1130 cemus:
423 1088 546 1128 immo
589 1101 729 1128 earum
768 1087 1093 1128 criminationum
1134 1087 1296 1141 culpam
1336 1088 1597 1141 conjiciamus
1633 1088 1674 1127 in

227 1157 490 1214 philosophos
511 1156 677 1199 Jonicos
704 1157 810 1208 illos,
841 1156 883 1197 in
913 1155 1227 1208 Anaximenem,
1258 1156 1549 1208 Democritum,
1581 1157 1675 1198 Dia-

226 1241 379 1281 goram,
411 1227 481 1280 qui
510 1229 674 1280 praeter
703 1230 859 1267 eeteros
890 1221 1032 1274 ἄθεος
1063 1225 1397 1277 nominabatur‚⁹)
1428 1227 1561 1278 (Diod.
1595 1225 1673 1267 Sic.

231 1301 295 1349 13,
318 1301 362 1347 ὃς
385 1296 493 1337 Nub.
515 1299 613 1346 830>
635 1296 936 1349 Anaxagoram,
969 1309 1092 1349 quem
1122 1296 1262 1349 paucis
1288 1295 1405 1336 annis
1425 1299 1521 1336 ante
1542 1298 1674 1336 actam

226 1366 407 1407 Nubium
438 1366 620 1405 fabulam
651 1367 820 1418 propter
838 1365 1089 1418 impietatem
1111 1379 1166 1405 ex
1188 1365 1288 1405 urbe
1310 1365 1401 1418 ejici
1421 1379 1473 1405 ne
1493 1364 1674 1405 Pericles

226 1436 391 1489 quidem
406 1434 622 1489 prohibere
637 1435 837 1488 potuerat.
868 1433 1096 1485 (Diod.XI]
1106 1466 1116 1485 ‚
1135 1437 1205 1483 39;
1223 1433 1341 1487 Diog.
1354 1433 1488 1474 Laert.
1506 1433 1565 1484 ΙΙ,
1588 1435 1672 1488 12.)

341 1527 565 1580 Reliquum
595 1532 671 1579 est,
702 1529 748 1568 ut
768 1528 819 1567 de
839 1527 911 1568 illo
932 1527 1206 1581 sophistarum
1226 1540 1391 1580 genere,
1423 1527 1531 1580 quod
1553 1530 1675 1581 poeta

225 1597 374 1637 festive
415 1610 439 1637 a
469 1596 657 1638 Nubibus
694 1597 750 1637 ali
789 1596 897 1648 dicit,
934 1609 1065 1650 pauca
1105 1597 1340 1650 loquamur;
1380 1610 1419 1637 v.
1451 1600 1533 1638 332
1576 1611 1673 1637 enu-

225 1670 451 1708 merantur:

727 1752 923 1813 Νεφέλαι
952 1752 1180 1803 πλείστους
1208 1748 1417 1809 βόσκουσι
1446 1749 1672 1813 σοφιστάς,

312 1821 662 1882 Θουριομάντεις,
714 1825 1006 1881 ἰατροτέχνας,
1055 1820 1672 1882 σφραγιδονυχαργοκομήτας,

310 1894 490 1936 κυκλίων
499 1909 544 1936 τε
549 1893 691 1952 χορῶν
699 1888 1093 1949 ᾀσματοκάμπτας,
1105 1887 1267 1950 ἄνδρας
1277 1894 1672 1952 μετεωροφένακας,

309 1961 434 2006 οὐδὲν
445 1963 639 2022 ὁρῶντας
653 1959 849 2018 βόσκουσ’
870 1958 1040 2019 ἀργούς,
1057 1958 1128 2005 ὅτι
1143 1959 1308 2012 ταύτας
1321 1964 1672 2018 μουσοποιοῦσιν.

338 2062 417 2104 His
448 2062 638 2104 versibus
684 2063 816 2103 certos
860 2062 1059 2116 quosdam
1089 2062 1214 2114 viros,
1259 2062 1328 2116 qui
1359 2064 1447 2103 tum
1477 2063 1672 2117 temporis

224 2132 399 2174 Athenis
430 2133 787 2174 commorabantur
816 2132 1118 2186 fallacibusque
1149 2132 1254 2173 dolis
1285 2132 1456 2173 stolidos
1486 2133 1672 2173 homines

224 2202 493 2257 decipiebant,
525 2202 640 2256 tangi
680 2202 772 2256 quis
803 2204 878 2254 est,
922 2202 1021 2255 quin
1055 2202 1296 2255 intellegat?
1357 2199 1550 2255 Undique
1590 2202 1671 2242 col—

223 2271 318 2312 lecti
337 2294 340 2299 >
359 2272 400 2312 in
430 2272 576 2313 urbem
614 2271 914 2323 confluxerunt,
956 2274 1002 2311 ut
1042 2274 1237 2325 quaestus
1278 2273 1348 2311 aut
1387 2272 1671 2312 ostentationis

223 2352 346 2382 causa
384 2341 785 2395 philosopharentur,
829 2341 872 2380 in
910 2341 960 2381 iis
1001 2340 1155 2393 Lampo
1199 2343 1329 2391 vates,
1376 2341 1445 2393 qui
1487 2341 1670 2381 coloniae

224 2407 398 2451 Thurios
447 2410 712 2451 deducendae
762 2410 995 2463 praefectus
1039 2409 1184 2460 fuerat,
1235 2408 1387 2460 (Schol.
1434 2409 1486 2450 ad
1531 2410 1568 2449 h.
1617 2410 1670 2461 l.),

223 2476 496 2533 Hippocrates
539 2482 581 2521 et
620 2479 857 2520 Herodicus
895 2479 1015 2527 (Plat.
1056 2478 1166 2520 Prot.
1207 2482 1302 2521 316.
1345 2479 1422 2531 E),
1472 2479 1670 2532 Oinesias,

223 2545 489 2601 Philoxenus,
521 2549 777 2601 Cleomenes,
799 2549 979 2603 Phrynis
1001 2550 1131 2600 (971),
1163 2550 1232 2590 alii
1253 2550 1323 2603 qui
1345 2550 1422 2590 arti
1445 2550 1671 2604 dithyram-

337 2776 371 2821 ⁹)
396 2775 472 2813 Cic.
499 2776 545 2813 de
571 2778 646 2813 nat.
670 2775 787 2813 Deor.
811 2776 845 2824 Ι,
871 2777 929 2824 23,
956 2777 1009 2814 63.
