1870 3066
227 150 291 208 12

222 314 412 357 promum
440 302 600 345 'obisset
630 303 831 357 inglorius
868 305 992 359 atque
1035 304 1243 358 ignobilis,
1287 305 1346 347 ita
1385 303 1567 347 Socratis
1608 318 1691 346 me-

223 372 353 412 moria
384 385 526 413 eorum
572 373 736 425 scriptis
767 373 903 413 minus
934 373 1144 414 celebrata
1187 374 1246 414 in·
1277 374 1456 414 omnium
1501 374 1690 433 gentium

223 438 371 481 animis
393 451 476 481 non
496 440 700 482 haereret.
738 439 850 488 Quid
870 441 1127 483 mirum?*—
1147 441 1298 496 Itaque
1318 441 1513 496 quoniam
1532 440 1691 483 Aristo·
1744 444 1747 447 “

223 508 384 563 phanes
414 510 456 551 in
489 510 616 551 istum
637 510 786 561 virum,
819 524 944 564 quem
966 511 1212 552 Hamannus
1243 517 1385 552 noster
1420 511 1691 565 „prophetam

222 577 519 633 paganorum“,
541 579 650 631 „den
671 578 907 634 Propheten
930 578 1322 626 der,Heidenwelt“
1344 580 1540 635 appellat,
1566 593 1692 634 quem

222 662 277 689 ne
308 648 523 689 levissima
564 649 732 702 quidem
774 651 936 690 macula
972 650 1168 703 adspergi
1198 651 1323 691 licere
1359 663 1590 700 censemus,
1628 662 1692 690 as-

222 718 401 771 perrime
432 717 623 759 invectus
657 720 722 759 est
752 732 930 772 eumque
961 719 1259 760 crudelissimis
1299 718 1690 773 reprehensionibus

222 787 419 837 cumulat,
451 787 570 827 nobis
601 800 711 827 nunc
741 788 1025 841 quaerendum
1057 790 1133 839 est,
1165 800 1371 841 quaenam
1401 787 1505 834 ratio
1534 787 1691 828 Aristo-

221 855 348 907 phani
370 868 463 895 cum
485 854 657 896 Socrate
686 856 981 905 intercesserit,
1013 859 1058 896 ut
1078 856 1204 897 istum
1225 859 1423 910 tanquam
1444 853 1692 912 ἀρχέτυπον

222 924 460 978 philosophi
475 925 716 965 vanissimis
732 925 857 966 rebus
874 925 1059 966 deditum
1080 925 1294 966 induxerit
1313 925 1488 979 ejusque
1510 924 1690 966 effictam

222 1007 246 1034 a
296 994 414 1034 nobis
466 994 795 1048 perfectissimae
846 995 1011 1035 virtutis
1062 994 1288 1048 imaginem
1338 994 1691 1035 criminationibus

221 1063 577 1104 contaminaverit.
650 1063 793 1107 *Nemo
844 1064 1049 1117 propheta
1098 1064 1207 1117 apud
1258 1076 1355 1104 suos
1407 1065 1489 1115 vel,
1540 1066 1587 1103 ut
1634 1062 1693 1104 ait

222 1132 460 1172 Deschanel
499 1140 593 1185 pag.
628 1135 728 1173 149:
781 1131 855 1183 „Si
887 1131 1059 1172 Socrate
1097 1135 1163 1172 est
1199 1144 1255 1171 un
1291 1131 1403 1172 ideal
1439 1145 1543 1186 pour
1572 1145 1690 1183 nous,

197 1201 295 1244 ‚nul
328 1198 520 1242 n'est-un
551 1200 662 1242 ideal
694 1214 798 1255 pour
828 1215 897 1242 ses
918 1201 1262 1255 contemporains3
1294 1215 1452 1243 comme
1482 1202 1554 1242 nul
1586 1199 1693 1243 n'est

219 1269 344 1310 heros
385 1282 490 1324 pour
519 1283 596 1311 son
630 1271 743 1312 valet
784 1272 836 1311 de
869 1271 1104 1310 chambre.“
1164 1270 1363 1310 Attamen
1392 1284 1460 1310 me
1498 1271 1588 1311 dies
1619 1271 1688 1310 de-

217 1339 342 1391 ficiat,
388 1340 423 1380 si
453 1342 613 1381 tantam
645 1353 749 1391 eam,
796 1353 899 1394 quas
945 1339 1171 1381 doctissimi
1201 1339 1280 1380 viri
1317 1340 1369 1380 de
1399 1339 1690 1394 Aristophanis

219 1410 391 1450 consilio
438 1410 622 1460 tulerint,
674 1411 910 1464 opinionum
956 1413 1042 1450 toto
1089 1410 1204 1450 coelo
1250 1409 1494 1451 distantium
1538 1411 1690 1450 molem

218 1477 366 1518 afferre
397 1478 547 1518 velim:
600 1480 695 1519 nolo
733 1479 776 1519 in
817 1491 959 1518 earum
990 1480 1149 1519 ratione
1187 1479 1344 1518 multus
1384 1479 1504 1519 vobis
1544 1479 1689 1520 videri.

219 1545 278 1587 Ut
308 1547 532 1600 aliquando
563 1548 616 1588 ad
646 1548 721 1588 illa
751 1548 909 1601 majora
938 1549 1176 1589 veniamus:
1209 1547 1308 1600 quid
1339 1547 1440 1588 mihi
1469 1548 1549 1601 ipsi
1580 1561 1688 1589 com-

218 1618 375 1670 paratis
406 1617 515 1658 inter
546 1630 592 1657 se
623 1617 837 1657 doctorum
867 1617 1050 1657 virorum
1082 1618 1300 1659 sententiis
1331 1617 1373 1658 in
1405 1618 1690 1671 componenda

219 1685 404 1727 Nubium
449 1686 593 1727 fabula
638 1688 804 1740 poetam
848 1686 891 1732 in
936 1686 1072 1727 animo
1112 1687 1309 1728 habuisse
1339 1686 1687 1727 verisimillimum

217 1755 423 1806 videatur,
455 1756 581 1808 paulo
612 1756 817 1809 copiosius
849 1768 1061 1809 exponere
1090 1756 1297 1806 constitui,
1329 1768 1411 1796 non
1432 1769 1512 1809 quo
1534 1768 1687 1796 novum

217 1823 414 1876 quiddam
455 1836 480 1864 a
510 1824 626 1864 nullo
663 1823 798 1864 adhuc
831 1827 1098 1878 perspectum
1127 1824 1428 1877 investigarim,
1470 1821 1545 1864 sed
1577 1824 1685 1877 quia,

217 1905 345 1946 quum
367 1893 483 1934 tanta
511 1893 621 1934 inter
641 1905 687 1933 se
708 1893 1032 1948 discrepantium
1063 1893 1364 1935 sententiarum
1394 1893 1458 1934 vis
1489 1896 1688 1947 congesta

217 1962 282 2011 sit,
314 1962 426 2002 unde
447 1962 596 2012 ordiar,
627 1962 700 2002 ubi
729 1962 855 2002 finem
876 1962 1038 2012 faciam,
1070 1975 1152 2003 non
1173 1963 1318 2002 habeo.
1371 1962 1462 2015 Age
1494 1962 1551 2003 sis
1577 1975 1686 2003 nunc

216 2029 270 2071 de
299 2030 372 2071 illo
393 2028 687 2085 Aristophanis
717 2031 901 2083 consilio,
933 2031 986 2072 de
1016 2045 1098 2085 quo
1129 2044 1240 2072 nunc
1269 2032 1378 2073 inter
1406 2032 1519 2073 viros
1551 2032 1685 2073 erudi·

217 2100 399 2141 tissimos
421 2101 627 2151 convenit,
659 2101 924 2142 disseramus.
974 2100 1166 2154 Namque
1196 2102 1239 2142 in
1268 2114 1318 2142 ea
1338 2101 1490 2142 civium
1516 2091 1684 2142 suorum

216 2169 537 2210 commutatione
554 2180 602 2210 ac
618 2170 918 2223 depravatione
941 2169 1173 2210 animorum
1194 2171 1328 2224 poeta,
1362 2182 1457 2210 cum
1488 2173 1601 2211 esset
1620 2171 1686 2211 vir

215 2238 349 2279 bonus
379 2238 623 2292 patriaeque
654 2239 963 2280 amantissimus
994 2262 1049 2268 —-
1080 2242 1128 2280 ut
1157 2251 1284 2293 supra
1309 2239 1397 2292 jam
1427 2240 1684 2280 demonstra-

215 2308 353 2348 vimus
373 2330 430 2336 —-
452 2306 556 2348 nihil
578 2308 789 2361 antiquius
809 2308 964 2348 habere
985 2308 1064 2348 sibi
1083 2308 1262 2359 videtur,
1294 2321 1419 2361 quam
1442 2310 1502 2359 ut,
1534 2309 1683 2361 quibus

215 2388 272 2417 ex
292 2375 477 2417 fontibus
499 2375 700 2418 effrenata
719 2376 794 2418 illa
819 2388 980 2418 morum
1000 2376 1296 2418 dissolutorum
1317 2377 1523 2432 corruptio
1544 2391 1683 2419 mana-

213 2446 334 2496 verit,
367 2445 562 2499 exquirat
592 2448 635 2487 et
658 2447 878 2500 explorata
893 2459 1018 2488 causa
1038 2446 1234 2488 sanandis
1249 2447 1484 2501 aequalium
1500 2448 1683 2489 moribus

212 2514 399 2555 remedia
427 2514 625 2555 inveniat.
686 2514 827 2568 Atque
864 2516 1018 2557 comico
1049 2515 1150 2557 talia
1179 2528 1321 2557 secum
1351 2515 1570 2571 reputanti*
1590 2530 1683 2571 per-

213 2583 402 2638 spicuum
438 2583 578 2636 fiebat,
625 2585 754 2626 totam
798 2585 859 2627 rei
894 2586 1087 2641 publicae
1130 2585 1427 2639 gubernandae
1466 2585 1681 2638 rationem,

213 2653 493 2694 conditionem
513 2655 758 2707 litterarum,
790 2655 1077 2696 educationem
1093 2655 1342 2709 juventutis,
1365 2655 1536 2696 deorum
1556 2668 1682 2696 vene-

213 2720 416 2762 rationem
447 2723 572 2777 longe
601 2727 805 2765 remotam
836 2737 929 2765 esse
960 2736 986 2764 a
1012 2723 1215 2778 majorum
1236 2724 1549 2776 consuetudine,
1580 2724 1681 2778 quin
