1870 3066
249 110 317 158 42

249 250 354 291 freto
386 250 425 290 ei
467 262 512 289 se
543 262 598 289 ex
639 249 973 302 competitoribus
1004 249 1216 290 victoriam
1252 250 1554 303 reportaturum
1596 263 1702 303 esse,

248 319 360 361 ludis
390 321 432 361 et
457 319 562 374 jocis
591 318 652 360 uti
681 332 848 374 prorsus
878 318 1047 368 licebat;
1090 321 1232 361 contra
1259 319 1303 360 in
1332 320 1637 373 posterioribus,
1667 321 1704 362 si

249 390 389 429 oculos
421 389 473 429 ad
493 388 721 445 ,parabasin
751 389 970 438 minorem,
995 388 1294 442 queribundam
1321 388 1436 429 illam
1466 378 1521 430 et·
1536 390 1705 443 plenam

248 457 415 509 irarum,
470 457 735 509 converteris,
786 469 868 511 qua
915 458 968 500 de
1005 457 1156 511 injuria
1184 445 1263 499 sibi
1301 458 1419 499 illata
1454 458 1711 511 gravissime·

249 540 342 566 cum
385 527 686 581 spectatoribus
732 527 980 580 expostulat,
1030 533 1195 581 poetam
1240 526 1345 567 mira¹
1386 526 1440 568 ad
1477 526 1705 581 ¹iocandum

250 597 465 638 alacritate
494 597 623 638 fuisse
644 596 719 638 vix
750 596 905 639 eredas.
955 594 1065 643 Quid
1095 597 1253 639 multa?
1303 595 1328 638 J
1331 609 1396 638 am
1428 609 1525 638 vero
1555 599 1703 640 sextae

248 666 495 721 hypothesis
536 666 705 716 auctori,
751 667 903 720 quippe
946 666 1017 719 qui
1060 668 1225 719 praeter
1267 668 1361 706 tres·
1395 666 1489 707 illas
1532 666 1700 707 fabulae

249 737 393 790 partes
427 736 590 789 poetam
620 734 770 777 leviter
807 737 967 777 tantum
1004 734 1191 789 singulos
1227 736 1427 789 quosdam
1457 743 1610 778 versus·
1632 736 1702 778 vel

249 804 380 845 verba
398 805 630 845 correxisse
650 806 722 844 aut
740 804 1011 858 perpolivisse
1032 803 1252 860 memoriae
1271 804 1430 858 prodat,
1451 818 1533 846 non
1553 799 1704 858 usque-

251 886 414 932 quaque
453 872 579 916 fidem
610 873 841 916 habendam
871 886 964 915 esse
994 872 1291 926 intelleximus,
1337 874 1415 916 hae
1444 876 1583 917 tamen
1612 888 1701 917 cor·

249 944 455 984 rectiones
493 943 553 984 ita
581 943 670 984 fere
700 944 908 983 adhibitae
938 945 1046 993 sunt,
1087 946 1133 984 ut
1172 957 1228 983 ex
1257 943 1387 984 tribus
1423 944 1508 985 illis
1538 943 1699 991 scaenis

250 1012 510 1054 commutatis
527 1027 532 1035 ·
548 1015 670 1053 natae
711 1012 794 1053 sint
833 1015 904 1054 aut
933 1013 1186 1056 audientium
1216 1013 1375 1055 animos
1409 1014 1461 1054 ad
1490 1014 1714 1055 amborum·
1769 1008 1771 1010 ’

252 1080 497 1122 Sermonum
534 1081 856 1133 altercationem,
895 1094 1043 1124 novam
1084 1082 1197 1122 illam
1227 1094 1431 1132 scaenam,
1470 1082 1699 1124 advertant

365 1141 483 1191 Haeo
525 1150 650 1192 habui
695 1150 746 1191 de
791 1150 973 1192 Nubium
1016 1150 1325 1193 retractatione
1354 1163 1460 1205 quae
1499 1150 1703 1194 <dicerem

250 1220 337 1261 Vos
373 1222 523 1271 autem,
569 1221 748 1261 lectores
787 1221 990 1271 benevoli,
1035 1233 1133 1273 rogo
1174 1222 1298 1273 atque
1335 1233 1436 1271 oro,
1461 1222 1509 1260 ut
1537 1221 1702 1262 veniam

250 1289 348 1332 mihi
380 1289 487 1332 detis
518 1292 559 1331 et
595 1290 637 1331 in
674 1290 752 1331 hac
782 1289 1125 1333 commentatione
1159 1289 1383 1345 judicanda
1419 1291 1596 1333 frontem
1636 1299 1710 1333 re·-

249 1361 435 1412 mittatis,
466 1361 697 1414 siquandO,
728 1363 774 1401 ut
804 1361 875 1413 qui
904 1362 965 1400 tot
993 1360 1202 1413 tantisque
1232 1362 1316 1401 tam
1336 1361 1466 1402 variis
1494 1360 1703 1403 laboribus

249 1429 457 1471 distentus
484 1429 576 1480 sim,
600 1435 655 1471 ¹ut
672 1429 748 1470 vix
779 1429 908 1470 libere
938 1429 1145 1483 respirare
1171 1430 1305 1481 liceat,
1336 1429 1708 1484 parumdisposite:

250 1511 300 1540 ao
342 1499 572 1550 distribute,
617 1499 961 1552 quemadmodum
990 1512 1073 1539 una
1102 1512 1289 1551 quaeque
1318 1512 1385 1539 res
1416 1512 1508 1541 sese
1539 1500 1702 1549 habeat,

249 1567 502 1622 propositum
532 1572 773 1623 persecutus
805 1580 886 1610 cro.
1302 1571 1305 1574 ’
