1870 3066
1541 191 1607 239 25

165 341 294 381 tribus
315 339 433 378 datas
454 339 678 390 sperneret,
702 332 810 391 (τῶν
830 333 1126 378 καθεστώτων
1147 332 1292 391 νόμων
1308 333 1606 394 ὑπερφρονεῖν,

167 411 289 459 1400,
320 406 446 452 Mem.
480 406 514 458 1,
548 410 592 458 2,·
618 404 662 461 9)
693 420 798 460 nego
829 413 954 460 atque
984 420 1176 461 pernego.

278 476 305 518 J
307 489 373 516 am
402 476 506 515 illud
536 478 725 529 quartum
756 476 909 516 crimen
935 476 1162 526 videamus,
1193 478 1328 516 utrum
1355 477 1450 529 jure
1480 475 1534 514 sit
1564 475 1606 514 in

109 574 112 579 ·
165 547 375 591 Socratem
403 545 577 598 illatum,
611 559 776 588 necne.-
810 544 938 587 Poeta
968 544 1180 587 Socratem
1208 544 1476 586 institutionis
1507 556 1607 584 suae

164 616 393 668 mercedem
423 615 545 656 avide
575 628 600 657 a
624 615 836 670 discipulis
867 616 1060 669 exegisse
1083 615 1181 656 dicit
1200 618 1242 655 et
1263 615 1365 655 alias
1386 613 1607 655 nonnullas

162 685 396 742 philosophi
444 686 561 725 notas
602 685 753 739 adjicit,
808 698 915 737 quae
961 685 1168 725 aviditatis
1213 685 1274 725 rel
1313 684 1604 724 illiberalitatis

163 755 343 810 speciem
391 753 618 807 praebeant
665 747 753 807 (98,
802 756 896 804 179,
943 755 1040 804 245,
1085 755 1182 803 497,
1235 740 1376 806 1131).
1450 752 1607 792 Verum

127 842 131 847 ·
155 824 330 879 'quidem
382 837 410 864 e
449 823 715 877 plurimorum
766 822 1022 876 antiquitatis
1075 822 1318 876 scriptorum
1363 821 1606 862 testimoniis

162 894 415 947 compertum
445 892 644 932 habemus
675 892 964 946 philosophum
999 892 1305 932 consuetudinis
1336 889 1496 943 suasu)
1537 904 1606 944 pe·

162 963 321 1006 cuniam
351 975 438 1003 non.
464 961 669 1014 exegisse,
706 975 762 1002 ex
791 975 870 1015 quo
902 963 1038 1003 elucet
1067 962 1131 1002 his
1161 975 1325 1014 quoque
1354 960 1455 1000 locis
1486 960 1605 1000 illum

160 1046 251 1083 cum
272 1031 467 1085 sophistis
500 1031 746 1084 permisceri.
791 1029 923 1077 Quod·
934 1031 1179 1071 confirmant
1197 1030 1432 1085 Xenophon
1462 1028 1604 1084 (Mem.

162 1104 201 1154 1,
220 1106 257 1153 2,
280 1105 324 1151 53
356 1103 394 1152 2,
418 1104 490 1150 60;
515 1104 552 1150 6,
579 1104 643 1150 11,
668 1099 753 1155 13),
775 1100 903 1152 Plato,
919 1098 1057 1155 (Apol.
1076 1104 1143 1151 31,
1162 1099 1207 1141 C.
1229 1100 1463 1154 Euthyphr.
1480 1102 1519 1149 3,
1536 1096 1605 1152 D.)

161 1173 368 1224 Diogenes
398 1170 587 1211 Laertius
618 1168 697 1225 (ΙΙ,
730 1173 796 1221 20,
829 1168 915 1222 27).
980 1170 1087 1210 Nam
1119 1183 1211 1210 cum
1232 1167 1380 1210 Graeci
1411 1170 1605 1209 virtutem

160 1241 296 1283 doo'eri
326 1254 405 1281 non
435 1253 558 1294 posse
588 1240 884 1292 existimarent,
916 1242 961 1281 ut
991 1241 1047 1298 ait
1077 1239 1285 1292 Theognis
1316 1236 1459 1293 (429):

283 1310 447 1353 ’Φῦσαι
477 1310 548 1351 καὶ
579 1310 757 1368 θρέψαι
786 1307 896 1368 ῥᾷον
923 1306 1098 1367 βροτόν,
1130 1303 1158 1361 ἢ
1188 1311 1351 1367 φρένας
1382 1303 1552 1356 ἐσθλάς

239 1376 243 1380 ’
296 1380 499 1434 ὲνθέμεν·
531 1376 670 1431 οὐδείς
700 1395 766 1421 πω
795 1377 927 1422 τοῦτό
956 1377 988 1434 γ’
1025 1374 1317 1438 ἑπεφράσατο,
1357 1395 1364 1403 ·

296 1440 332 1503 ᾦ
357 1464 424 1498 τις
444 1445 626 1507 σώφρον’
662 1450 800 1501 ἔθηκε
830 1444 909 1492 τὸν
938 1446 1125 1508 ἄφρονα,
1157 1445 1238 1490 κάκ
1268 1447 1403 1489 κακοῦ
1422 1442 1601 1496 ἐσθλόν,

159 1519 352 1572 pecunias
373 1555 375 1557 .
397 1519 652 1559 institutione
696 1520 832 1559 facere
878 1522 996 1572 turpe
1042 1519 1263 1567 duxerunt,
1314 1518 1385 1570 qui
1434 1517 1602 1569 quidem

158 1587 384 1642 sapientiae
424 1601 561 1630 amore
600 1589 701 1630 adeo
742 1588 982 1630 inflammati
1018 1593 1170 1639 essent,
1217 1590 1264 1629 ut
1309 1588 1472 1642 saepius
1514 1600 1603 1627 rem

158 1657 401 1698 familiarem
446 1672 545 1711 prae
589 1659 773 1699 discendi
823 1659 967 1699 ardore
1012 1659 1283 1711 negligerent.
1358 1657 1603 1709 Protagoras

158 1729 297 1768 autem
325 1727 482 1782 primus
518 1741 542 1769 a
572 1728 783 1782 discipulis
813 1740 961 1781 operae
992 1728 1166 1781 pretium
1199 1727 1438 1782 postulavit,
1480 1740 1603 1780 quem

158 1795 275 1836 Plato
316 1794 444 1850 (Men.
467 1800 534 1848 91,
568 1795 635 1852 D.)
681 1798 920 1850 grandiores
965 1799 1158 1851 pecunias
1198 1798 1421 1837 corrasisse
1464 1801 1605 1836 narrat

158 1877 279 1918 quam
332 1864 519 1912 Phidiam
575 1868 616 1907 et
671 1866 773 1907 alios
828 1867 972 1908 decem
1024 1865 1214 1908 artifices,
1294 1865 1463 1906 Etenim
1511 1878 1604 1905 cum

156 1934 434 1976 Athenienses
467 1937 613 1991 opibus
634 1936 902 1986 abundarent,
933 1949 1104 1989 magnas
1134 1936 1328 1990 pecunias
1360 1936 1419 1975 eis
1441 1936 1603 1975 solvere

156 2003 388 2056 voluerunt,
436 2006 507 2058 qui
546 2018 592 2046 se
629 2004 681 2046 ad
710 2006 770 2046 rei
799 2006 1000 2060 vpublicae
1030 2006 1304 2060 principatum
1333 2004 1602 2046 obtinendum

155 2072 323 2115 idoneos
372 2074 606 2127 redderent,
655 2075 828 2129 ideoque
873 2077 1029 2127 evenit,
1079 2079 1126 2116 ut
1175 2074 1363 2129 Hippias,
1412 2072 1602 2127 Gorgias,

155 2140 363 2195 Prodicus,
415 2146 562 2186 ceteris
609 2146 734 2186 rebus
775 2145 1052 2199 sophistarum
1100 2145 1492 2199 praestantissimus,
1542 2144 1602 2184 in-

155 2215 301 2262 gentes
341 2214 419 2254 sibi
456 2214 620 2255 divitias
650 2218 945 2267 compararent,
991 2212 1118 2269 (Xen.
1155 2213 1298 2268 Symp.
1330 2214 1366 2265 Ι,
1398 2217 1445 2263 5;
1496 2213 1599 2253 Plat.

155 2276 339 2335 Euthyd.
363 2285 459 2333 304,
491 2281 544 2332 C;
590 2282 747 2324 Plinius
779 2283 832 2324 H.
855 2282 920 2335 N„
950 2283 1172 2334 XXXIII,
1204 2286 1271 2334 24,
1304 2280 1421 2338 83¹2)
1452 2284 1599 2336 quibus

268 2429 318 2473 11)
342 2428 476 2474 Neque
499 2429 611 2467 Plato
643 2439 767 2474 neque
791 2430 1005 2475 Xenophon
1036 2431 1082 2466 de
1116 2430 1313 2475 discipulis
1345 2430 1514 2466 Socratis
1546 2431 1597 2466 lo-

155 2486 332 2541 quuntur,
352 2486 420 2525 sed
436 2496 515 2534 eos,
536 2486 603 2533 qui
618 2485 723 2524 illius
740 2486 941 2534 disciplina
956 2487 1175 2535 utebantur,
1195 2487 1375 2533 συνόντας,
1403 2490 1597 2537 συνδιατρί-

151 2543 292 2589 stortae,
311 2545 573 2591 συνουσιαστάς,
594 2546 765 2593 ἑταίρους,
791 2545 974 2592 ὁμιλητάς,
994 2547 1125 2592 φίλους,
1152 2548 1354 2593 γνωρίμους,
1379 2547 1597 2592 ἐπιτηδείους

152 2601 215 2633 τοῦ
236 2602 448 2651 Σωκράτους
471 2603 666 2652 appellant
688 2603 754 2650 (of.
778 2603 1042 2641 Breitenbaoh.
1068 2604 1115 2640 ad
1140 2594 1250 2641 Mem.
1273 2604 1307 2650 I,
1333 2605 1369 2652 2,
1394 2605 1447 2651 3.)

267 2661 328 2706 ¹⁹)
340 2660 490 2700 Plinius
508 2673 551 2700 eo
576 2662 658 2700 loco
676 2662 806 2700 affert:
837 2662 1005 2700 Auream
1023 2665 1186 2700 statuam
1204 2663 1368 2710 Gorgias
1384 2663 1596 2701 Leontinus

150 2711 310 2762 Delphis
334 2718 375 2757 in
397 2721 538 2767 templo
562 2720 693 2767 posuit
717 2721 809 2768 sibi3
834 2725 965 2760 tantus
982 2727 1065 2759 erat
1087 2722 1275 2759 docendae
1293 2722 1388 2758 artis
1407 2722 1595 2759 oratoriae

152 2779 342 2817 quaestus.
