1870 3066
266 142 333 192 36

268 284 319 324 ab
351 281 579 336 Athenaeo,
617 279 722 338 (IV,
754 296 848 338 pag.
885 286 961 324 171
997 279 1063 337 C.)
1094 296 1215 336 quem
1248 281 1390 323 Nubes
1422 282 1578 336 priores
1608 282 1720 323 evol-

268 353 382 393 visse
403 341 528 406 supra
548 352 934 401 demonstravimus,
956 351 1136 391 citantur
1151 351 1289 390 verbis
1310 351 1375 391 his
1395 353 1470 402 „tv
1489 352 1720 409 προτέραις

268 421 527 481 Νεφέλαις.“
577 419 687 462 Nam
707 420 869 461 etiamsi
889 420 958 461 isti
978 433 1125 461 versus
1145 420 1188 461 in
1202 419 1407 462 ambabus
1428 418 1610 461 Nubium
1638 420 1720 469 edi„-

266 481 446 532 ticnibus
476 491 682 545 legantur,
714 503 795 531 non
828 490 1092 544 consequitur
1120 489 1187 531 hic
1216 489 1455 544 scriptorem
1475 489 1518 531 in
1540 502 1719 532 errorem

267 560 482 610 incidisse;
504 560 639 615 potuit
659 560 780 611 enim,
806 562 851 601 ut
867 560 983 614 ajunt
1004 558 1436 613 Schweighaeuseriet
1457 558 1720 613 Fritzschius‚

268 643 361 671 cum
400 630 482 671 ista
519 631 719 671 scriberet
758 630 1011 680 Athenaeus,
1056 630 1212 684 priores
1253 628 1397 670 Nubes
1442 631 1538 670 ante
1582 630 1721 671 oculos

268 701 422 741 habere
452 713 530 741 nec
566 714 666 742 vero
707 701 832 742 simul
871 699 1076 741 recordari
1118 699 1286 740 eosdem
1325 712 1472 739 versus
1512 699 1635 740 etiam
1676 702 1723 742 ὲν

268 768 490 826 δευτέραις
520 768 739 826 Νεφέλαις
770 779 1034 810 conservatos
1066 782 1169 809 esse.
1229 768 1347 815 Quae
1372 769 1407 809 si
1426 768 1484 809 ita
1502 782 1548 809 se
1568 768 1723 810 habent

268 828 405 892 neque
444 837 707 880 Athenaeum
749 851 887 879 errare
926 838 1090 893 probari
1129 839 1280 892 potest,
1325 838 1517 891 quoniam
1556 838 1598 879 in
1636 841 1722 880 tota

267 920 420 947 scaena
471 904 602 962 (1131
620 930 677 936 —
695 904 825 963 1213)
885 910 927 947 et
975 920 1055 948 uno
1103 907 1316 962 proximae
1375 918 1549 948 scaenae
1597 920 1721 949 versu

267 974 420 1032 (1222)
461 990 593 1031 paene
632 991 714 1019 non
753 978 995 1032 interrupte,
1037 977 1112 1017 sed
1152 976 1342 1018 continuo
1373 977 1550 1031 quodam
1580 979 1722 1019 tenore

268 1048 320 1087 de
350 1047 528 1088 formula
557 1048 633 1098 ἕνη
664 1045 736 1088 καὶ
766 1049 843 1089 νέα
865 1047 1107 1100 joculariter
1126 1046 1275 1100 agitur,
1304 1047 1407 1087 nihil
1428 1059 1502 1087 nos
1522 1047 1722 1101 impedire

266 1116 428 1171 poterit,
471 1117 716 1170 praesertim
756 1129 848 1156 cum
885 1117 964 1157 duo
1006 1129 1152 1157 versus
1189 1116 1257 1157 isti
1299 1114 1444 1171 (1148,
1478 1113 1722 1171 ll49)‚·qui

265 1187 307 1226 in
348 1188 570 1228 retractata
609 1186 750 1226 fabula
789 1187 960 1226 correcti
1000 1186 1157 1227 debent
1196 1199 1289 1226 esse
1320 1185 1519 1227 Sermone
1559 1186 1721 1240 Injusto

261 1255 348 1309 jam
378 1255 622 1306 introducto,
666 1256 904 1310 scrupulum
943 1255 1078 1297 animo
1116 1255 1286 1310 injicere
1324 1269 1405 1297 non
1444 1256 1616 1310 possint,
1648 1256 1721 1296 sed

264 1338 433 1378 prorsus
455 1325 652 1376 evellant,
675 1326 893 1378 quominus
914 1328 1041 1366 totam
1063 1326 1177 1366 illam
1199 1338 1390 1367 scaenam
1411 1338 1503 1365 cum
1519 1326 1721 1379 prioribus

266 1393 458 1434 Nubibus
489 1394 847 1435 communicemus.
909 1394 962 1435 In
1003 1393 1299 1449 posterioribus
1338 1393 1445 1435 enim
1478 1392 1621 1436 Sermo
1653 1394 1722 1436 In-

262 1464 401 1517 justus
432 1462 721 1518 Phidippidem
753 1464 1021 1505 erudiendum
1054 1466 1302 1517 susceperat.

382 1531 439 1573 Et
467 1533 577 1586 quod
606 1533 741 1587 majus
773 1536 849 1585 est,
881 1533 1227 1588 quandoquidem,
1263 1532 1372 1587 quod
1402 1533 1524 1574 antea
1552 1533 1652 1586 dixi,
1683 1547 1722 1575 v.

271 1606 381 1645 1222
414 1602 557 1644 Pasias
589 1617 763 1658 quoque,
795 1617 818 1644 e
848 1603 1116 1645 creditoribus
1136 1617 1257 1655 unus,
1288 1616 1433 1644 vocem
1458 1605 1533 1655 ἕνη
1554 1603 1626 1645 καὶ
1647 1604 1724 1646 νέα

267 1675 309 1714 in
343 1686 413 1714 ore
443 1673 580 1724 habet,
612 1675 741 1713 totam
773 1686 863 1713 eam
897 1685 1087 1714 scaenam
1120 1675 1464 1725 (1214—1302),
1500 1685 1582 1727 qua
1612 1671 1723 1714 Stre-

269 1743 435 1797 psiades
465 1744 687 1796 utrumque
718 1743 973 1794 creditorem,
1005 1746 1048 1784 et
1067 1743 1228 1784 Pasiam
1260 1745 1302 1784 et
1321 1743 1556 1798 Amyniam‚
1583 1743 1724 1797 jocose

268 1812 438 1853 dimittit
466 1811 735 1865 desperantes
757 1825 803 1853 se
825 1824 944 1852 suum
965 1824 1147 1865 unquam
1171 1813 1496 1866 recuperaturos,
1527 1812 1569 1853 in
1589 1812 1725 1866 priore

270 1881 401 1922 etiam*
423 1881 663 1922 recensione
693 1882 824 1923 fuisse
855 1881 1138 1923 concluserim
1198 1880 1289 1922 Nec
1319 1881 1510 1935 quoniam
1531 1881 1725 1922 audacius

269 1964 393 2006 quam
438 1951 692 1993 dubitantius
736 1952 842 1993 hanc
887 1951 1164 2006 conjecturam
1208 1951 1301 2002 feci,
1345 1950 1519 2006 primam
1559 1951 1726 2005 quidem

270 2022 437 2063 fabulae
467 2034 660 2063 scaenam
689 2019 922 2078 (1—125)‚
953 2024 1173 2077 propterea
1213 2021 1321 2075 quod
1363 2034 1494 2062 senex
1534 2021 1590 2062 ibi
1619 2021 1728 2062 inter

270 2091 495 2132 creditores
541 2105 638 2132 suos
684 2094 898 2133 enumerat
943 2092 1107 2134 Pasiam
1152 2095 1195 2132 et
1237 2091 1460 2146 Amyniam
1505 2088 1593 2146 (21,
1639 2088 1727 2145 31),

270 2161 427 2216 primae
449 2160 617 2202 editioni
638 2161 873 2216 adjudicare
893 2162 1058 2216 dubito3
1079 2161 1232 2203 etenim
1253 2174 1347 2201 cum
1361 2161 1727 2214 interrogationum

270 2230 667 2285 responsionumque
698 2232 946 2273 continuatio
986 2232 1199 2286 seriesque
1240 2231 1322 2272 alia
1351 2244 1405 2271 ex
1437 2230 1517 2272 alia
1545 2243 1657 2272 nexa
1687 2232 1729 2272 et

271 2314 414 2342 omnes
455 2301 565 2342 inter
609 2315 702 2342 sese
748 2303 869 2356 aptae
909 2302 1211 2356 colligataeque
1250 2300 1481 2353 videantur,
1525 2301 1647 2343 facile
1685 2301 1728 2342 in

270 2372 392 2412 istam
423 2371 671 2412 sententiam
702 2371 953 2414 adducimur.
1608 2405 1610 2407 >

387 2440 633 2496 Priusquam
665 2454 763 2483 vero
793 2455 944 2496 graves
966 2455 1206 2483 scaenarum
1228 2440 1475 2482 mutationes
1497 2440 1729 2494 aggrediar,

271 2524 422 2567 operae
452 2511 552 2554 mihi
584 2516 649 2553 est
678 2512 815 2553 locum
845 2512 1003 2564 afferre,
1042 2512 1124 2566 qui,
1163 2511 1198 2552 si
1228 2511 1500 2565 reputaveris,
1532 2511 1630 2564 quid
1651 2511 1729 2552 sibi

272 2581 452 2622 voluerit
480 2583 615 2636 poeta,
653 2581 859 2636 prioribus
890 2581 1080 2624 Nubibus
1110 2581 1324 2636 aptissime
1356 2581 1609 2623 addicendus
1640 2580 1728 2630 erit.

273 2651 410 2692 Versu
449 2654 695 2694 311—313
738 2652 790 2693 de
832 2652 1057 2708 Dionysiis,
1104 2652 1252 2706 quibus
1296 2652 1397 2706 ipsis
1437 2651 1582 2692 Nubes
1623 2665 1731 2692 ccm-

275 2720 428 2772 missae
449 2723 559 2775 sunt,
583 2722 764 2776 loquitur
784 2721 1184 2777 Atheniensiumque
1204 2722 1400 2777 pietatem
1422 2734 1470 2763 ac
1489 2721 1731 2776 religionem
