1870 3066
1545 180 1610 234 29

164 324 280 375 illud,
311 322 421 376 quod
446 322 648 384 secundas
669 321 812 373 Nubes
833 321 997 363 Aminia
1024 323 1220 363 archonte
1251 324 1266 369 <
1271 335 1304 364 a.
1328 319 1433 377 422)
1463 323 1611 363 iterum

165 396 276 436 actas
307 394 379 432 aut
408 391 539 431 editas
570 404 662 432 esse
693 392 833 432 dicunt
862 389 931 447 (cf.
953 405 1077 445 supra
1096 405 1133 446 p.
1157 389 1221 446 4);
1254 392 1473 432 scholiasta
1503 392 1610 432 enim

95 455 97 457 V
165 461 453 517 Hyperbolum
484 473 577 501 eum
607 460 715 510 dicit,
762 461 814 501 de
853 474 932 514 quo
967 461 1008 501 in
1050 461 1238 514 parabasi
1267 462 1426 502 minore
1456 461 1609 501 mentio

163 534 221 583 fit,
253 545 334 572 non
355 526 644 585 Hyperbolum
675 530 1049 571 hieromnemonem
1080 544 1119 571 v,
1144 533 1236 571 623.
1289 530 1437 583 Neque
1458 532 1609 579 tamen,

165 602 255 643 etsi·
273 600 350 640 hoe
378 599 610 653 epirrhema
639 599 829 639 secundis
856 599 1047 639 Nubibus
1077 599 1313 652 abjudicare
1343 612 1426 639 non
1457 599 1610 649 dubito,

164 672 381 725 propterea
410 668 520 722 quod
549 681 631 708 non
662 682 741 708 uno
776 669 863 709 fere
893 669 1037 722 spiritu
1081 668 1132 708 de
1161 669 1257 709 vivo
1290 667 1445 718 Cleone
1488 671 1529 708 et
1560 669 1611 708 de

165 741 322 787 mortuo
354 737 466 790 loqui
502 737 564 777 fas
594 738 670 788 est,
713 738 764 778 de
796 736 963 778 Cleonis
1003 737 1069 777 hic
1099 737 1361 790 expeditione
1392 737 1513 791 Pylia
1531 738 1611 790 ‘agi

165 807 402 864 persuaderi
417 807 523 854 ,mihi
544 820 625 846 non
655 808 802 860 potest.
852 806 946 847 Non
969 808 1077 846 enim
1108 806 1396 860 Aristophanis
1427 800 1607 847 moribus

165 877 356 920 convenit
385 874 442 931 (v.
477 872 579 929 546)
619 888 686 916 res
718 877 846 916 semel
888 874 948 930 (in
980 873 1218 930 Equitibus)
1262 877 1472 930 superiore
1501 890 1609 917 anno

166 947 397 999 exagitatas
426 946 575 986 iterum
605 947 795 999 repetere
827 945 1066 999 salibusque
1096 946 1387 999 perstringere.
1438 945 1611 987 Accedit

165 1030 224 1067 eo,
256 1016 365 1070 quod
394 1029 461 1056 res
500 1015 542 1056 in
572 1015 677 1070 Pylo
715 1016 1023 1069 exspectatione
1062 1015 1297 1070 prosperius
1328 1019 1613 1057 successerant

166 1091 207 1127 et
254 1087 430 1140 amplius
475 1098 580 1125 auno
622 1085 797 1125 Athenis
841 1086 1172 1138 percrebuerant,
1220 1087 1266 1125 ut
1311 1085 1610 1140 Aristophanes

164 1156 349 1210 prodigia
378 1153 501 1209 (581)
532 1168 620 1194 rem
646 1155 852 1195 infelicem
875 1158 1070 1195 eventum
1092 1154 1322 1195 habituram
1352 1156 1611 1209 praedixisse

164 1225 238 1264 vix
284 1224 419 1264 dicere
463 1224 602 1277 possit.
673 1223 810 1277 Atque
860 1224 1105 1263 scholiastae
1149 1224 1329 1277 quidem,
1380 1237 1471 1263 cum
1517 1228 1611 1264 ante

165 1294 326 1347 Pyliam
358 1294 664 1346 expeditionem
694 1294 773 1333 ista
803 1294 991 1346 prodigia
1021 1294 1146 1333 missa
1176 1306 1268 1333 esse
1310 1291 1469 1347 (lunam
1500 1295 1611 1333 defe-

165 1364 280 1414 cisse,
313 1363 440 1404 solem
474 1377 554 1403 non
588 1376 678 1403 esse
702 1363 848 1414 visum,
883 1366 978 1414 582,
1008 1360 1111 1417 585)
1143 1363 1389 1403 contendere
1411 1363 1610 1414 dicantur,

165 1437 302 1473 tamen
334 1446 403 1473 eos
446 1433 510 1473 hic
542 1432 673 1485 magis
710 1432 762 1472 ad
795 1433 1011 1486 verborum
1051 1445 1173 1485 quam
1214 1434 1443 1487 temporum
1487 1433 1611 1473 inter-

164 1504 434 1556 pretationem
466 1508 676 1557 spectasse
707 1505 889 1556 apparet,
923 1515 1048 1555 quare
1080 1505 1213 1542 terrae
1243 1506 1399 1543 motum
1429 1504 1611 1556 solisque

167 1573 446 1622 defectionem,
485 1586 589 1626 quae
611 1586 752 1612 mense
774 1571 1134 1612 Hecatombaeone
1156 1572 1252 1611 anni
1272 1575 1356 1612 424
1378 1571 1432 1625 (a.
1450 1573 1488 1612 d.
1505 1573 1609 1613 XII.

165 1639 251 1681 Cal.
282 1639 403 1696 Apr.)
449 1642 616 1682 suerunt
661 1640 806 1691 (Thuc.
846 1641 921 1689 IV,
970 1638 1060 1693 52),
1103 1653 1196 1681 cum
1233 1638 1333 1681 Cleo
1365 1642 1612 1695 jampridem

165 1709 405 1764 Sphacteria
426 1711 589 1752 domum
611 1710 865 1760 revertisset,
897 1710 973 1750 hoc
1004 1711 1091 1751 loco
1113 1709 1336 1763 significari
1366 1711 1608 1764 putaverim.

165 1779 286 1822 Certe
307 1781 472 1834 quidem
504 1783 624 1834 poeta
654 1795 734 1820 non
764 1794 830 1820 res
860 1780 903 1820 in
925 1780 1166 1820 Macedonia
1195 1781 1400 1832 gerendas
1431 1779 1485 1835 (a.
1508 1778 1609 1835 422)

162 1848 202 1888 iii
233 1850 367 1890 animo
398 1851 534 1901 habet,
579 1851 652 1890 sed
683 1863 884 1890 summam
923 1849 1129 1902 quandam
1159 1862 1299 1888 rerum
1329 1850 1380 1889 ad
1413 1848 1611 1890 Cleonem

163 1931 196 1957 a.
229 1922 313 1960 424
345 1919 533 1970 delatam,
575 1921 627 1959 de
658 1920 820 1973 quibus,
863 1919 970 1972 quod
1001 1919 1176 1958 fortasse
1219 1919 1374 1960 nullius
1416 1921 1611 1961 momenti

161 1987 338 2041 fuerunt,
398 1989 500 2030 nihil
550 1993 803 2043 compertum
856 1989 1067 2029 habemus.
1146 1988 1273 2028 Poeta
1322 1988 1447 2041 igitur
1499 1983 1607 2039 dicit,

163 2054 360 2099 Cleonem
382 2059 459 2099 diis
491 2059 597 2100 bene
623 2060 878 2113 juvantibus,
910 2073 992 2099 non
1024 2072 1099 2098 sua
1128 2058 1283 2098 virtute
1314 2073 1368 2098 ex
1392 2058 1610 2112 Spartiatis

164 2127 374 2168 victoriam
414 2131 664 2183 reportasse3
713 2134 850 2170 tamen
882 2132 1045 2182 poetam
1088 2128 1129 2167 in
1162 2127 1380 2180 Equitibus
1420 2126 1474 2183 (a.
1506 2127 1609 2183 424)

164 2197 285 2238 etiam
309 2200 432 2252 atque
454 2199 576 2239 etiam
599 2199 861 2249 dissuasisse,
893 2213 946 2239 ne
968 2198 1137 2253 imperio
1159 2198 1211 2237 ad
1234 2196 1431 2239 Cleonem
1461 2198 1609 2239 iterum

164 2266 298 2306 delato
344 2269 551 2307 fortunam
595 2269 947 2321 periclitarentur:
998 2268 1125 2307 nihilo
1170 2267 1304 2306 minus
1352 2268 1404 2306 de
1447 2268 1607 2320 integro

163 2337 358 2389 populum
402 2337 511 2378 male
556 2337 633 2377 sibi
674 2338 930 2378 consuluisse
975 2358 1030 2365 —
1075 2336 1184 2389 quod
1224 2350 1276 2377 ne
1316 2337 1358 2377 in
1402 2337 1608 2390 proverbii

163 2407 498 2458 consuetudinem
528 2407 700 2457 veniret,
731 2410 915 2446 metuere
946 2419 1038 2446 sese
1070 2429 1123 2433 -
1165 2408 1449 2457 veruntamen,
1490 2411 1536 2446 ut
1566 2407 1608 2446 id

163 2486 324 2528 quoque
354 2476 604 2527 (καὶτοῦτο,
639 2478 735 2525 590)
765 2476 922 2528 patriae
952 2475 1179 2529 prodesset,
1207 2475 1293 2528 jam
1325 2479 1490 2529 tempus
1514 2489 1606 2515 esse

163 2542 372 2597 impedire,
404 2546 439 2586 si
470 2544 668 2586 Cleonem
699 2546 912 2599 peculatus
944 2547 1195 2594 accusarent,
1232 2558 1285 2584 ne
1316 2545 1607 2598 populiscitum

163 2618 338 2655 noceret.
395 2614 478 2658 Sed
508 2616 579 2668 qui
607 2615 665 2662 fit,
696 2615 743 2653 ut
771 2616 893 2667 poeta
915 2612 1112 2654 Cleonem
1141 2615 1357 2666 peculatus
1377 2626 1493 2652 reum
1517 2614 1607 2653 fieri

164 2682 287 2722 velit?
344 2681 444 2724 Cleo
464 2684 571 2724 vinde
602 2684 652 2724 ab
684 2696 789 2723 anno
821 2685 903 2724 426
935 2682 1109 2736 publicis
1139 2682 1338 2722 reditibus
1373 2682 1607 2737 praefectus

164 2755 261 2801 erat,
297 2756 343 2793 ut
373 2755 609 2806 peculatum
639 2754 775 2793 facere
796 2754 915 2793 facile
946 2761 1088 2805 posset
1118 2752 1314 2803 (Curtius,
1336 2753 1429 2792 hist.
1452 2750 1524 2792 Gr.
1546 2753 1607 2804 ΙΙ,
