1870 3066
1410 132 1495 163 ἱ*
1591 150 1652 204 11

198 299 297 340 tunc
327 295 503 337 Athenis
534 296 835 350 philosophiam
867 275 1166 350 profiterentur,
1200 299 1320 344 *esset
1350 297 1451 337 civis
1487 295 1655 336 Atheni-

199 366 310 408 ensis
331 365 713 421 ideoqueidonm1S‚
736 366 806 418 qui
835 366 878 406 in
907 367 1118 407 comoedia
1147 368 1297 420 populo
1318 367 1366 406 ad
1400 366 1654 406 irridendum

138 451 142 453 ·
198 429 510 490 proponeretur.
561 433 649 488 (cf.⁴
668 433 892 485 Fritzsche,
924 438 1081 487 quaest.
1113 433 1183 477 Ar.
1209 438 1302 476 105.
1332 448 1465 489 seqq.;
1497 432 1655 474 Teuffel

201 508 286 557 174
308 502 440 552 Kock,
466 503 547 553 11.)
580 501 717 542 Affero
739 503 864 543 etiam
890 505 1019 544 verba
1038 504 1117 544 viri
1138 504 1363 544 doctissimi
1391 504 1656 544 Deschanelii

198 571 460 625 Francogalli
489 594 548 604 -—-
577 571 721 612 ancien
759 570 1279 614 maitre-de—Conferences
1309 571 1331 613 a
1363 570 1520 613 l'Ecole
1551 571 1655 612 Nor-

197 643 308 683 male
340 639 578 698 superieure
621 663 673 669 —
716 640 759 681 in
799 640 987 692 „Etudes
1028 656 1100 682 sur
1129 641 1445 697 Aristophane“,
1487 641 1656 682 Parisiis

200 715 324 770 1867,
355 724 448 765 pag.
472 713 572 751 148:
619 709 692 761 „Si
714 710 990 765 Aristophane
1020 712 1252 752 choisissait
1273 702 1442 753 Socrate
1471 724 1574 766 pour
1593 724 1656 751 re-

197 780 440 836 presentant
455 780 507 819 de
524 781 565 820 la
586 779 843 833 sophistique
869 780 1006 834 plutot
1031 794 1112 839 que
1138 779 1314 834 Gorgias
1331 794 1383 821 ou
1399 781 1656 834 Protagorae,

163 900 166 903 ¹
198 849 298 892 c'est
317 849 526 903 peut-&tre
548 846 646 902 qu’il
668 850 808 894 aimait
827 851 970 891 mieux
990 850 1170 904 prendre
1191 863 1296 903 pour
1316 851 1501 903 plastron
1522 850 1573 889 de
1590 863 1656 889 ses

196 919 399 965 railleries
419 932 475 959 un
497 919 741 974 concitoyen
762 919 969 970 athenien,
1001 934 1082 973 que
1111 920 1174 960 les
1205 919 1413 960 confreres
1443 918 1657 971 etrangers

198 990 250 1030 de
280 988 455 1039 celui-oi,
496 988 567 1041 qui
596 987 752 1030 etaient
781 991 1014 1030 seulement
1054 989 1106 1028 de
1136 1001 1314 1042 passage
1354 986 1380 1027 a
1416 986 1657 1036 Athenesf‘)

199 1057 350 1100 Credo:
374 1058 448 1098 sed
465 1071 517 1097 ne
537 1059 643 1098 illud
659 1059 825 1112 quidem
841 1059 1189 1113 praetereundum
1204 1060 1316 1111 puto,
1339 1058 1449 1110 quod
1467 1056 1658 1097 Socrates

198 1127 476 1182 peculiaribus
507 1127 754 1180 quibusdam
775 1128 923 1179 causis,
956 1131 998 1167 et
1027 1127 1206 1178 calvitio,
1238 1140 1321 1180 qua
1341 1127 1393 1167 de
1414 1139 1540 1167 causa
1566 1139 1658 1166 cum

200 1197 353 1237 Silenis
374 1199 634 1249 comparatur
654 1197 862 1251 (Xenoph.
884 1211 1001 1238 conv.
1025 1197 1099 1238 IV.
1120 1199 1193 1250 193
1222 1197 1271 1238 V.
1292 1200 1347 1245 7.;
1381 1197 1486 1237 Plat.
1510 1195 1654 1250 Symp.

197 1264 393 1305 XXXII.
414 1267 496 1306 215
515 1265 580 1314 A.)
602 1270 644 1307 et
660 1271 902 1320 arroganter
920 1266 1147 1307 incedendo
1165 1262 1248 1315 (ὅτι
1264 1261 1483 1323 βρενθύει
1498 1269 1545 1309 ὲν
1560 1272 1658 1316 ταῖς

198 1331 331 1384 ὁδοῖς)
362 1336 406 1374 et
437 1335 646 1375 hominum
669 1336 940 1388 superborum
960 1348 1074 1375 more
1095 1335 1271 1388 obliquis
1303 1336 1432 1375 oculis
1463 1336 1566 1376 alios
1597 1337 1657 1375 in·

199 1401 390 1452 tuend02)
411 1402 500 1453 (καὶ
518 1399 781 1460 τώφθαλμὼ
802 1399 1100 1460 παραβάλλεις
1120 1407 1578 1460 θὲισεμνοπροσωπεῖω
1608 1405 1658 1444 cf.

200 1473 325 1514 etiam
335 1473 434 1524 225)
448 1475 491 1513 et
500 1472 621 1512 nudis
633 1473 808 1526 pedibus
820 1473 1089 1526 ingrediendo
1103 1468 1409 1524 (ἀνυπόδητος)
1424 1473 1660 1526 aequalium

200 1554 367 1582 suorum
385 1542 525 1581 oculos
545 1542 586 1581 in
603 1555 650 1581 se
665 1546 928 1582 converterat
945 1555 1170 1594 eorumque
1186 1542 1366 1581 dicteriis
1388 1543 1542 1595 petitus
1560 1546 1659 1583 erat.

199 1608 366 1656 Quanto
398 1610 530 1664 magis
561 1612 684 1664 poeta
716 1609 896 1653 Socratis
931 1623 1152 1666 personam
1183 1610 1409 1665 arripuisse
1439 1611 1659 1659 videbitur,

198 1679 258 1719 ita
287 1682 438 1731 tamen,
485 1683 532 1721 ut
567 1681 718 1733 partim
748 1694 855 1733 quae
893 1682 936 1721 in
973 1682 1063 1734 ipso
1095 1681 1464 1734 conspiciebantur,
1511 1681 1661 1734 partim

199 1760 306 1802 quae
327 1748 379 1789 ab
404 1749 497 1791 aliis
516 1745 772 1804 philosophis
794 1750 1012 1805 desumpta
1033 1752 1163 1801 erant,
1194 1749 1238 1791 in
1257 1749 1376 1790 illum
1397 1749 1660 1790 transferret!

200 1817 289 1859 Nec
335 1818 486 1859 idcirco
533 1820 724 1859 videmus
774 1818 987 1860 Socratem
1024 1820 1209 1861 Platonis
1260 1821 1331 1859 aut
1369 1819 1661 1872 Xenophontis

199 1887 364 1942 ingenio
387 1901 633 1942 expressum
655 1890 727 1928 aut
751 1902 806 1929 ex
836 1889 946 1929 omni
967 1889 1220 1943 praestantia
1239 1888 1406 1930 virtutis
1427 1887 1660 1939 conflatum,

200 1958 274 1998 sed
304 1971 358 1998 ne
388 1970 632 2010 germanum
662 1958 831 2010 quidem
861 1960 958 1999 ante
989 1960 1129 1999 oculos
1159 1959 1375 2008 habemus,
1414 1958 1661 2011 quadratum

200 2022 507 2084 (τετράγωνον)
552 2027 641 2067 dico
688 2027 806 2067 illum
847 2028 995 2079 virum,
1051 2028 1218 2081 qualem
1262 2040 1287 2068 a
1330 2028 1474 2081 primis
1515 2027 1662 2067 aetatis

201 2096 456 2150 temporibus
488 2096 691 2137 novimus
753 2096 810 2137 Et
845 2110 944 2138 vero
982 2098 1070 2151 jam
1108 2110 1202 2137 cum
1240 2098 1351 2137 laete
1389 2097 1572 2148 nutricis,
1618 2098 1663 2136 ut

197 2165 257 2206 ita
305 2166 452 2217 dicam,
502 2166 757 2219 singularem
806 2167 1015 2220 quandam
1065 2180 1250 2207 summae
1299 2166 1564 2220 perfectionis
1610 2166 1662 2206 de

201 2233 371 2276 Socrate
410 2236 636 2288 imaginem
664 2237 799 2277 animo
841 2236 1055 2277 imbibisse
1085 2236 1287 2286 videmur,
1328 2236 1394 2275 cui
1430 2234 1533 2275 nihil
1565 2235 1664 2275 addi

199 2305 347 2357 potest.
408 2304 490 2345 Hic
530 2308 703 2358 quaeret
738 2306 955 2360 quispiam,
996 2305 1106 2345 unde
1137 2303 1330 2345 effectum
1361 2305 1426 2353 sit,
1458 2307 1505 2344 ut
1522 2305 1663 2360 ⁴talem

199 2372 242 2412 in
272 2373 420 2414 animis
456 2374 608 2414 nostris
648 2374 701 2414 de
740 2374 911 2415 Socrate
946 2374 1168 2426 imaginem
1201 2374 1500 2415 effinxerimus.
1566 2373 1663 2413 Pro·

199 2443 321 2495 fecto,
352 2444 575 2496 inquimuS‚
606 2444 658 2484 ad
688 2457 892 2484 summam
923 2444 1045 2483 istam
1076 2444 1244 2483 laudem
1274 2457 1356 2484 non
1387 2444 1661 2498 pervenisset,

199 2512 278 2553 nisi
298 2512 515 2554 Platonem
538 2512 943 2567 Xenophontemque
972 2513 1130 2566 gloriae
1161 2526 1387 2566 praecones
1418 2513 1660 2553 invenisset.

202 2578 317 2623 Sicut
348 2581 649 2624 Themistocles
681 2581 846 2637 Seriphi
884 2579 1055 2633 natus,³)
1097 2584 1144 2623 ut
1182 2582 1240 2623 ait
1269 2583 1401 2635 Plato,
1448 2582 1556 2623 diem
1596 2595 1663 2621 su-

315 2695 350 2741 2)
374 2694 476 2731 Plat.
502 2694 644 2731 Phaed.
670 2695 748 2731 117.
773 2694 817 2731 Β.
841 2694 1019 2744 ταυρηδὸν
1044 2693 1261 2740 ὑποβλέψας.

315 2756 349 2799 ³)
375 2754 436 2791 Of.
463 2753 579 2790 etiam
601 2754 707 2790 Plut.
733 2754 918 2800 apophth.
948 2764 1038 2800 pag.
1065 2754 1146 2790 114.
1171 2753 1337 2791 Hutten.
