1870 3066
1644 160 1673 208 9

216 305 391 359 patriam
431 303 716 343 defendissent
745 301 1044 358 Graeciamque
1084 304 1136 343 ab
1174 303 1341 344 interitu
1379 302 1672 351 vindicassent,

216 374 394 429 populus
425 372 560 413 laudis
594 372 928 426 fortitudinisque
969 374 1047 414 sibi
1086 373 1273 414 conscius
1303 372 1472 427 spiritus
1510 384 1674 412 sumere

216 442 351 497 coepit
366 452 442 482 nec
461 441 615 482 diutius
629 453 675 481 se
690 441 869 482 civitatis
885 442 1131 495 primoribus
1151 442 1386 482 inferiorem
1407 453 1500 481 esse
1522 452 1671 494 passus

217 513 293 562 est,
322 511 374 551 ut
400 510 605 551 Aristides
636 510 889 563 temporibus
919 511 1071 551 cedens
1100 511 1264 563 legibus
1294 513 1473 560 caveret,
1504 512 1552 550 ut
1574 509 1673 549 civi-

217 580 294 620 bus
333 579 524 620 omnibus
564 591 709 619 omnes
744 579 1011 632 magistratus
1048 581 1250 633 paterent.
1325 578 1445 625 Quae
1484 591 1576 619 cum
1616 579 1675 619 ita

216 648 370 699 essent,
410 659 558 701 neque,
599 648 711 701 quod
740 648 883 702 populi
911 649 1096 702 potentia
1125 648 1257 701 magis
1288 648 1503 701 magisque
1537 648 1674 688 firma-

215 718 350 769 batur,
380 717 528 758 mirum
558 717 676 758 nobis
706 718 877 758 videtur
920 719 963 757 et
992 716 1246 771 temporibus
1286 730 1418 770 usque
1453 730 1501 758 eo
1531 729 1673 757 neces—

216 787 383 838 sarium,
412 787 472 837 ut,
504 786 739 841 quicunque
767 786 811 827 in
837 786 897 827 rei
918 786 1107 841 publicae
1136 786 1488 827 administratione
1527 785 1674 827 florere

214 858 359 907 vellet,
405 858 646 910 popularem
691 868 832 897 auram
878 858 1074 909 captaret.
1141 855 1291 909 Itaque
1335 856 1371 896 si
1408 856 1500 908 quis
1545 856 1588 895 in
1629 868 1681 911 re¹

215 925 382 981 publica
428 925 493 965 vir
537 925 788 966 liberalitate
832 926 1030 980 populum
1076 925 1154 966 sibi
1201 925 1411 966 devincire
1454 925 1675 975 recusavit,

215 996 306 1036 fieri
336 996 450 1035 nullo
471 996 594 1035 modo
622 995 770 1048 potuit,
801 995 901 1048 quin
921 995 1157 1047 aequalium
1177 994 1316 1034 studia
1335 994 1677 1047 complecteretur

217 1076 349 1118 eaque
371 1066 543 1114 teneret,
576 1067 618 1104 et
638 1062 832 1113 Pericles,
864 1076 947 1117 qua
967 1067 1056 1103 erat
1075 1062 1307 1117 prudentia,
1338 1062 1547 1112 facillime,
1578 1075 1675 1115 quo-

216 1133 338 1173 modo
370 1133 521 1173 civ-ium
552 1133 722 1173 animos
740 1132 819 1172 sibi
849 1133 1067 1185 obligaret,
1100 1146 1226 1185 quum
1258 1131 1556 1185 perspexisset,
1605 1131 1674 1171 sti-

214 1201 378 1255 pendiis
408 1203 451 1241 et
485 1201 685 1254 ⁴iudicium
717 1201 1002 1242 exercentium
1031 1204 1075 1241 et
1104 1201 1223 1241 ludos
1255 1201 1530 1254 spectantium
1560 1199 1675 1239 insti-

206 1265 316 1310 tutis
347 1270 544 1323 populum
575 1270 856 1324 locupletavit.
916 1269 942 1311 J
945 1283 1008 1311 am
1042 1271 1078 1311 si
1108 1284 1133 1311 a
1162 1270 1281 1311 nobis
1312 1269 1568 1323 explicatum
1599 1272 1676 1319 est,

216 1350 324 1392 quae
368 1351 436 1379 res
481 1339 684 1392 ejusmodi
729 1339 895 1390 fuerint,
940 1343 987 1379 ut
1025 1339 1293 1380 Atheniensis
1330 1338 1587 1379 commodam
1631 1350 1679 1378 ac

211 1407 437 1462 jucundam
468 1409 643 1460 agerent
672 1408 812 1460 vitam,
844 1422 925 1450 non
958 1408 1126 1450 difficile
1157 1409 1236 1450 erit
1261 1408 1314 1449 ad
1342 1408 1675 1462 intelligendum,

216 1478 316 1532 quid
345 1490 495 1518 causae
529 1478 666 1528 fuerit,
697 1479 807 1531 quod
838 1492 918 1518 non
950 1478 1009 1518 ita
1028 1479 1157 1519 multo
1189 1480 1284 1532 post
1303 1490 1478 1531 magnos
1509 1477 1678 1531 spiritus

215 1548 428 1587 sumerent
471 1548 514 1587 et
542 1546 764 1587 insolentia
802 1548 921 1600 quasi
950 1549 1213 1588 exsultantes
1243 1548 1375 1589 instar
1407 1550 1678 1601 tyrannorum

214 1616 534 1656 dominationem
566 1618 799 1656 tractarent.
849 1615 973 1656 Adde
1003 1618 1113 1669 quod
1142 1617 1233 1657 fieri
1263 1630 1344 1658 non
1365 1619 1539 1670 poterat,
1577 1616 1677 1669 quin

215 1697 351 1726 mores
372 1684 691 1726 Atheniensium
718 1685 808 1738 ipso
828 1685 1074 1739 principatu,
1104 1698 1227 1739 quem
1249 1689 1333 1726 tam
1354 1684 1472 1725 brevi
1492 1688 1679 1738 tempore

214 1753 355 1808 adepti
386 1755 539 1805 essent,
578 1753 849 1795 vehementer
883 1754 1222 1808 depravarentur.
1283 1754 1422 1797 Gessit
1466 1754 1575 1794 enim
1621 1767 1677 1794 ex

216 1823 276 1865 eis
305 1822 584 1865 inflammatus
617 1824 692 1865 ille
720 1837 794 1878 pro
826 1825 960 1878 patria
989 1825 1201 1878 pugnandi
1231 1825 1366 1876 ardor,
1408 1837 1488 1878 quo
1519 1824 1677 1877 impen-

215 1892 344 1933 dente
388 1893 467 1933 sibi
515 1893 699 1947 periculo
748 1892 985 1944 floruerant,
1032 1896 1074 1933 et
1116 1893 1168 1933 ad
1213 1893 1411 1933 virtutem
1454 1892 1677 1932 militarem

215 1961 429 2015 segniores
452 1975 547 2003 esse
574 1965 810 2016 coeperunt,
846 1967 889 2004 et
919 1976 1013 2004 cum
1041 1965 1187 2018 postea
1214 1962 1326 2004 omni
1352 1962 1489 2003 studio
1520 1961 1573 2002 ad
1608 1974 1676 2001 res

215 2031 442 2071 maritimas
471 2031 759 2074 incumberent
779 2033 1045 2086 studiumque
1064 2033 1322 2072 mercaturae
1342 2031 1530 2083 agendae
1552 2043 1676 2082 auge-

213 2104 339 2151 retur,
370 2099 517 2155 opibus
547 2112 596 2140 ac
625 2110 681 2141 re·
702 2101 913 2142 abundare
942 2102 1056 2143 cives
1077 2102 1325 2154 coeperunt,¹
1344 2087 1426 2153 quo
1456 2099 1596 2150 fiebat,
1629 2100 1676 2139 ut

214 2170 364 2210 molles
394 2169 597 2209 luxuriosi
627 2171 744 2211 avari
775 2170 1017 2222 existerent,
1059 2173 1104 2211 ut
1136 2183 1257 2210 nemo
1288 2172 1414 2219 esset,
1457 2169 1557 2222 quin
1587 2182 1677 2209 rem

212 2237 422 2292 publicam
451 2238 585 2291 magis
615 2239 776 2293 privato
806 2240 1032 2291 commodo,
1064 2252 1189 2293 quam
1218 2238 1424 2280 communi
1454 2238 1581 2279 saluti
1606 2238 1677 2278 ad-

212 2307 476 2348 ministraret.
536 2308 660 2359 -Inde
708 2309 861 2360 evenit,
911 2311 959 2350 ut
1001 2312 1223 2363 postquam
1265 2312 1308 2349 et
1355 2308 1585 2362 voluptatis
1635 2311 1678 2348 et

212 2376 414 2430 pecuniae
462 2376 679 2440 cupiditas,
739 2377 953 2419 teterrima
995 2378 1108 2428 vitia,
1168 2376 1490 2418 Atheniensium
1539 2390 1676 2418 mores

213 2447 497 2499 corruperunt,
526 2446 707 2487 civitatis
728 2447 840 2487 omni
867 2446 1084 2488 honestate
1104 2449 1231 2499 atque
1251 2446 1432 2487 amicitia
1451 2446 1676 2486 destitutae

212 2514 483 2555 fundamenta
493 2505 688 2556 'labarent
702 2517 829 2569 atque
844 2515 1082 2557 titubarent.
1121 2514 1259 2563 Quam
1271 2516 1410 2557 labem
1426 2515 1676 2569 contemptio

211 2584 426 2637 religionis
466 2587 689 2625 consecuta
728 2589 804 2627 est.
873 2583 992 2634 Quae
1034 2584 1244 2627 Homerus
1289 2585 1583 2639 Hesiodusque
1623 2586 1676 2626 de

212 2652 290 2692 diis
320 2653 569 2693 carminibus
600 2654 812 2694 vaticinati
834 2659 962 2694 erant
990 2654 1103 2694 illius
1134 2656 1282 2696 aetatis
1312 2654 1496 2695 moribus
1518 2667 1675 2695 accom-

212 2721 391 2774 modata,
421 2722 517 2763 huio
537 2722 756 2764 recentiori
775 2722 988 2765 hominum
1007 2724 1153 2778 generi
1174 2738 1255 2766 non
1272 2724 1361 2779 jam
1381 2723 1674 2779 probabantur,
