1870 3066
275 157 340 205 30

274 298 384 347 396).
429 296 566 345 Quid?
612 310 748 339 nonne
779 297 888 338 istud
919 297 1135 352 imperium
1157 295 1724 351 pattiampessumdaturum

273 381 366 407 esse
408 367 610 420 conjicere
655 368 752 407 licet
791 370 955 420 poetam
999 368 1235 407 censuisse?
1296 366 1417 412 Quod
1454 377 1602 406 munus
1634 379 1725 406 cum

272 436 497 477 maximam
536 437 587 477 ad
624 449 767 477 omnes
798 436 1113 478 Atheniensium
1153 449 1220 476 res
1266 437 1474 489 gerendas
1509 437 1728 494 exerceret

272 507 357 547 vim
388 506 757 559 auctoritatemque
794 506 859 556 (cf.
892 504 1092 557 Curtium,
1124 506 1218 547 ibid.
1253 507 1361 557 188),
1392 504 1516 546 'haud
1559 506 1641 547 scio
1674 518 1726 546 an

272 590 311 618 v.
345 579 426 618 587
458 589 482 616 a
520 577 645 630 poeta
683 575 963 630 intellegatur.
1025 575 1195 616 Accedit
1236 576 1345 629 quod
1377 568 1724 629 Sphacteria'ex-

272 647 456 699 pugnata
471 644 890 685 Lacedaemoniorum
912 646 1039 699 legati
1056 645 1243 686 Athenas
1259 646 1312 685 de
1333 657 1432 699 pace
1448 646 1721 695 mitterentur,

271 714 433 767 quibus,
478 728 531 755 ne
569 714 851 768 impetrarent,
883 712 984 755 Cleo
1021 715 1185 765 restitit,
1233 714 1532 769 Aristophanes
1573 705 1722 764 autem,

271 797 352 837 quo
379 785 468 825 erat
496 784 609 838 pacis
632 796 783 834 amore,
814 783 924 824 omni
944 783 1102 824 ratione
1128 784 1378 825 succurrisse
1398 783 1625 824 verisimile
1647 785 1721 824 est.

386 853 635 908 Epirrhema
674 853 812 907 igitur,
858 853 1192 910 quandoquidem
1238 853 1379 908 primis
1422 852 1612 894 Nubibus
1646 853 1722 893 ad-

270 924 533 965 scribendum
564 924 717 974 censui,
748 922 837 963 fieri
872 936 953 964 non
984 926 1131 977 potest,
1163 924 1261 977 quin
1289 919 1593 977 antepirrhema
1623 919 1721 975 quo-

269 1007 350 1048 que
395 993 532 1034 trahat
571 1006 744 1035 necesse
789 1006 881 1033 esse
922 993 1166 1033 existimem.
1239 991 1406 1033 Etenim
1450 993 1547 1033 licet
1593 1004 1722 1046 pauca

267 1063 540 1113 inveniamus,
565 1063 714 1115 quibus
735 1064 857 1116 poeta
877 1075 1013 1102 rerum
1034 1062 1301 1115 publicarum,
1333 1075 1439 1115 quae
1467 1074 1515 1101 eo
1537 1063 1721 1114 tempore

268 1132 456 1183 fuissent,
487 1132 689 1173 rationem
728 1131 931 1182 habuerit,
976 1131 1077 1172 nihil
1110 1131 1327 1185 quicquam
1360 1133 1497 1171 tamen
1529 1131 1718 1184 legimus,

269 1214 347 1254 quo
380 1201 482 1242 haec
513 1202 719 1241 sententia
749 1201 927 1241 convelli
957 1201 1097 1254 possit.
1148 1198 1303 1257 Omitto
1335 1200 1530 1241 fastorum
1563 1200 1719 1249 turbas,

266 1284 369 1324 quas
420 1284 513 1311 cum
564 1271 680 1326 cyclo
725 1284 750 1311 a
794 1270 961 1311 Metone
1007 1283 1041 1310 a.
1087 1272 1177 1311 4321
1221 1270 1452 1311 introducto
1499 1270 1719 1310 cohaerere

267 1339 503 1381 Boeckhius
513 1340 728 1380 confirmat
739 1338 903 1389 (Gesch.
917 1340 991 1379 der
1001 1333 1307 1395 Mondcyclen),
1320 1352 1427 1393 quae
1443 1342 1610 1394 propter
1620 1340 1719 1379 belli

268 1409 605 1463 Peloponnesiaci
636 1411 906 1462 tempestates
928 1410 1091 1449 demum
1114 1423 1218 1449 anno
1243 1409 1359 1450 Pacis
1391 1412 1506 1460 (421)
1536 1412 1718 1449 remotae

268 1491 360 1518 esse
392 1478 602 1518 dicuntur:
650 1490 774 1531 quam
803 1490 892 1517 rem
929 1478 971 1517 in
1002 1478 1229 1518 clarissima
1267 1479 1356 1518 luce
1388 1478 1587 1519 collocare
1626 1490 1718 1517 cum

267 1547 554 1588 difficillimum
577 1547 642 1597 sit,
675 1547 727 1587 ad
757 1547 860 1587 illud
891 1549 1068 1598 transeo,
1100 1548 1208 1600 quod
1240 1550 1361 1601 poeta
1381 1562 1418 1588 v.
1443 1551 1524 1589 609
1556 1548 1717 1588 litteras

267 1630 291 1657 a
336 1615 492 1658 Cleone
542 1618 636 1670 post
679 1615 893 1656 victoriam
937 1617 987 1657 ad
1035 1615 1318 1670 Sphacteriam
1364 1619 1615 1672 reportatam
1665 1617 1717 1657 ad

265 1686 545 1728 Athenienses
578 1687 695 1727 datas
725 1687 824 1727 risui
858 1687 1102 1740 exposuisse
1123 1687 1299 1738 videtur,
1331 1688 1372 1728 in
1404 1700 1577 1741 quarum
1608 1688 1715 1727 litte-

263 1769 401 1796 rarum
432 1756 629 1810 principio
661 1756 813 1809 scripta
843 1758 977 1796 erant:
1016 1754 1165 1797 Κλέων
1203 1789 1211 1797 .
1245 1788 1253 1797 .
1287 1789 1295 1797 .
1328 1789 1336 1797 .
1373 1753 1632 1808 Ἀθηναίων
1663 1755 1718 1816 τῇ

262 1825 400 1884 βουλῇ
430 1825 502 1866 καὶ
532 1825 596 1879 τῷ
624 1819 750 1879 δήμῳ
781 1825 948 1882 χαίρειν
978 1824 1130 1874 (Schol.
1162 1825 1269 1866 Plut.
1302 1827 1418 1874 322);
1446 1827 1715 1879 'quamobrem

259 1895 347 1948 jam
392 1895 444 1934 ab
484 1894 691 1949 Eupolide
736 1894 895 1935 derisus
941 1896 1029 1934 erat
1076 1894 1140 1934 his
1182 1895 1339 1935 verbis:
1400 1895 1589 1953 Πρῶτος
1632 1890 1716 1953 γὰρ

261 1962 391 2020 ἡμᾶς,
437 1956 470 2006 ὦ
507 1963 671 2013 Κλέων,
722 1964 929 2021 χαίρειν
972 1968 1222 2021 προσεῖπας,
1269 1960 1410 2007 πολλὰ
1447 1966 1593 2007 λυπῶν
1634 1961 1716 2017 τὴν

262 2030 403 2076 πόλιν.
466 2033 620 2080 Quidni
660 2033 819 2074 Lunam
863 2034 935 2074 illo
981 2047 1106 2074 versu
1149 2035 1258 2075 idem
1303 2037 1426 2088 atque
1467 2034 1713 2089 Eupolidem

263 2103 450 2144 cavillari
479 2104 744 2144 censeamus?
795 2102 916 2150 Quod
947 2104 982 2144 si
1012 2104 1070 2144 ita
1100 2107 1174 2155 est,
1207 2105 1316 2145 hunc
1346 2106 1479 2146 locum
1512 2119 1559 2146 eo
1580 2101 1712 2159 magis

261 2173 405 2226 primis
450 2171 699 2221 Nubibusffl)
744 2172 956 2225 assignare
1001 2173 1254 2225 debebimus,
1301 2187 1381 2227 quo
1428 2175 1644 2214 absurdius
1690 2188 1714 2214 a

263 2246 385 2297 poeta
414 2242 567 2283 factum
597 2243 758 2294 fuisset,
800 2243 834 2283 si
870 2243 910 2283 in
941 2245 1146 2284 mortuum
1178 2244 1403 2285 dicacitatis
1434 2245 1588 2285 aculeis
1620 2257 1712 2285 con-

262 2313 395 2353 versis
427 2313 536 2353 sales
568 2314 774 2353 obsoletos
807 2315 1002 2366 tanquam
1033 2313 1273 2354 recoxisset.

380 2381 502 2430 Quod
533 2384 754 2436 primarum
785 2383 968 2424 Nubium
1002 2383 1212 2437 parabasis
1243 2384 1410 2425 minoris
1440 2384 1565 2425 fuerit
1594 2398 1713 2437 argu-

261 2453 459 2501 mentum,
491 2464 688 2504 perquam
720 2451 886 2491 difficile
919 2455 982 2492 est
1013 2453 1136 2502 dictu,
1168 2454 1412 2505 praesertim
1444 2466 1535 2493 cum
1566 2457 1712 2507 poetae

261 2534 429 2563 suorum
451 2522 682 2574 temporum
699 2524 822 2575 atque
839 2522 1214 2563 recentissimarum
1230 2536 1367 2563 rerum
1390 2523 1554 2564 fabulae
1571 2523 1712 2565 ordine

378 2682 427 2727 ¹³)
451 2680 595 2717 Eadem
621 2680 666 2717 de
693 2691 807 2717 causa
830 2691 965 2718 versus
993 2682 1060 2719 188
1085 2684 1124 2719 et
1154 2685 1312 2730 propter
1335 2681 1518 2720 novitatis
1548 2677 1732 2731 gratiam

260 2740 306 2775 ad
330 2740 376 2775 N.
401 2739 432 2775 I.
457 2739 551 2775 mihi
574 2739 729 2775 videtur
753 2739 963 2784 pertinere..
1406 2739 1409 2742 ’
