1870 3066
274 152 339 202 38

269 294 380 334 vitae
422 294 635 348 degendae
675 295 779 336 ratio
823 308 846 335 a
887 295 1008 336 choro
1051 295 1256 350 descripta
1300 291 1598 351 (412—422),
1645 309 1726 350 qua

270 367 360 405 erat
390 365 651 405 mendicitate
689 367 814 418 atque
857 366 1018 417 duritia,
1060 377 1204 419 parum
1244 365 1295 405 ab
1327 365 1448 419 egeni
1477 365 1590 407 illius
1620 364 1725 407 lu'di-

267 434 456 488 magistri
477 432 658 475 Socratis
688 434 987 492 consuetudine
1007 434 1119 476 vitae
1140 434 1343 487 dissentit,
1374 447 1497 489 quam
1517 436 1558 477 in
1579 434 1724 490 primis

268 504 460 545 Nubibus
489 504 674 558 undique
704 504 893 546 invenire
923 503 1086 556 licebat,
1116 505 1174 545 ita
1202 503 1377 546 Oratore
1408 505 1570 560 Injusto
1586 505 1724 546 ‘intro-

269 573 391 614 ducto
421 573 511 614 fieri
542 587 623 614 non
653 574 799 628 potuit,
843 574 942 627 quin
975 573 1237 627 Strepsiades
1267 574 1373 614 hanc
1402 576 1485 615 tam
1517 573 1733 615 horridam·

267 643 397 683 vitam
428 655 553 696 agere
583 646 801 696 cogeretur
830 642 1070 696 longissime
1091 643 1392 697 discrepantem
1412 642 1464 683 ab
1484 643 1569 693 illa,
1600 655 1723 697 quam

268 713 319 753 ab
352 712 513 766 Injusto
553 726 592 754 v,
625 715 800 754 1044—-
816 714 925 754 1054
966 725 1013 753 ac
1052 726 1092 754 v,
1135 714 1436 755 1071—1082
1478 712 1724 766 descriptam

267 782 468 823 videmus.
521 780 785 837 Quapropter
804 795 951 823 versus
971 784 1055 824 427
1070 804 1123 812 —-
1133 784 1218 825 434
1239 783 1385 837 poetae
1405 782 1561 837 placuit
1580 784 1730 837 postea·

264 865 394 892 novos
424 852 590 893 fabulae
619 853 814 904 inserere,
855 852 1061 894 nescimus
1103 855 1240 893 tamen
1279 865 1355 893 nec
1386 852 1533 906 conjici
1563 854 1721 906 potest,

265 925 403 962 utrum
433 922 522 976 ipse
553 924 625 962 aut
653 922 819 963 fabulae
849 922 982 963 editor
1011 922 1230 963 nonnullos
1259 921 1325 963 hic
1351 934 1499 963 versus
1522 921 1726 964 deleverit

266 1005 406 1032 necne.
467 990 576 1039 Quid
609 992 719 1046 quod
763 993 907 1045 negari
949 1005 1031 1033 non
1076 994 1225 1046 potest,
1276 1005 1423 1033 versus
1468 995 1723 1043 113—118,

267 1061 421 1115 quippe
462 1061 532 1114 qui
572 1061 828 1101 audientium
865 1061 1024 1102 animos
1067 1062 1118 1102 ad
1157 1061 1337 1103 futuram
1375 1061 1587 1102 amborum
1630 1059 1725 1103 Ser-

265 1143 431 1171 monum
464 1131 775 1172 altercationem
815 1132 933 1184 quasi
964 1133 1259 1185 praepararent
1299 1133 1341 1172 et
1379 1131 1621 1182 excitarent,
1664 1144 1726 1171 se-

266 1200 425 1240 cundae
454 1200 685 1240 recensioni
716 1200 767 1240 ad
797 1201 972 1241 verbum
1002 1200 1275 1254 assignandos
1307 1212 1411 1241 esse.

380 1269 499 1316 Quae
530 1282 623 1310 cum
653 1270 712 1311 ita
750 1270 845 1322 sint,
887 1270 922 1310 si
961 1283 986 1310 a
1025 1270 1187 1311 levibus
1229 1270 1474 1324 quibusdam
1503 1269 1724 1310 verborum

264 1341 336 1379 aut
366 1352 562 1379 versuum
594 1339 915 1380 correctionibus
947 1338 1330 1390 discesserimus,¹⁵)
1361 1339 1538 1393 priorem
1558 1338 1724 1378 fabulae

263 1410 423 1462 partem
455 1422 586 1462 usque
617 1409 668 1449 ad
700 1408 919 1463 parabasin
950 1408 1148 1450 minorem
1176 1409 1330 1463 pariter
1351 1411 1476 1463 atque
1498 1409 1723 1449 exeuntem

262 1478 446 1519 fabulam
492 1478 683 1520 incendio
734 1478 922 1520 officinae
968 1477 1201 1520 Socraticae
1248 1481 1423 1533 excepto
1470 1478 1523 1519 ad
1567 1477 1721 1531 primas

263 1541 408 1588 Nubes
439 1548 647 1602 pertinere
677 1547 983 1589 intelleximus:
1029 1560 1135 1588 nunc
1165 1548 1301 1589 locum
1330 1547 1604 1589 mutationum
1623 1559 1721 1587 'cor-

262 1613 574 1672 rectio'numque
605 1618 832 1671 pleniorem
863 1617 1035 1670 aggredi
1064 1630 1168 1671 opus
1198 1619 1274 1669 est,
1305 1618 1348 1658 in
1374 1631 1454 1671 quo
1477 1616 1724 1671 illustrando·

263 1686 423 1739 longior
453 1686 713 1727 desideratur
744 1686 1021 1728 commoratio.

378 1755 440 1795 Ac
482 1756 691 1810 reputanti
721 1756 834 1806 mihi,
880 1755 990 1795 unde
1028 1754 1285 1808 potissimum
1323 1754 1470 1806 ordiar,
1518 1755 1569 1796 ab
1606 1754 1721 1795 initio

261 1825 434 1866 istarum
451 1838 704 1876 scaenarum,
727 1824 1073 1878 quemadmodum
1093 1825 1201 1866 inter
1217 1838 1263 1865 se
1280 1825 1500 1878 excipiant,
1521 1823 1722 1864 rationem

262 1894 415 1936 habere
446 1894 594 1949 placet,
627 1896 669 1936 et
691 1895 886 1949 quoniam
918 1894 970 1935 ad
1001 1894 1111 1935 hunc
1141 1907 1272 1948 usque
1302 1895 1437 1935 locum
1459 1894 1628 1936 comiter
1656 1905 1724 1933 me

261 1964 392 2005 secuti
424 1965 536 2015 estis,
583 1978 644 2016 ea,
690 1977 796 2018 quae
832 1964 993 2017 reliqua
1031 1965 1140 2015 sunt,
1187 1964 1284 2004 dum
1323 1964 1505 2005 breviter
1544 1975 1720 2018 expono,

261 2046 428 2088 quaeso,
459 2034 675 2075 benevolis
696 2033 842 2074 animis
862 2033 1045 2087 accipite.
1098 2032 1329 2074 Exordium
1359 2033 1487 2086 igitur
1513 2033 1721 2087 capiamus

260 2104 312 2144 ab
352 2104 427 2143 illa
466 2116 628 2155 scaena,
675 2116 781 2157 quae
824 2103 1043 2157 parabasin
1087 2103 1364 2157 subsequitur,
1410 2102 1722 2158 progrediamur

260 2173 313 2213 ad
355 2185 458 2225 eam,
505 2186 611 2226 quae
650 2172 866 2226 utriusque
906 2171 1116 2214 Sermonis
1157 2174 1467 2215 altercationem
1511 2171 1722 2227 praecedit

260 2244 533 2292 (627-888),
544 2255 675 2296 eaque
683 2243 912 2296 perspecta,
921 2255 1026 2296 quae
1036 2242 1105 2282 isti
1114 2243 1304 2296 proxima
1315 2245 1380 2283 est
1390 2244 1429 2293 (l
1437 2244 1517 2284 105
1526 2242 1719 2292 -1130)‚

259 2311 354 2353 huic
374 2311 644 2366 disputationi
672 2311 799 2352 finem
829 2312 1099 2367 imponamus,
1150 2310 1289 2353 Etiam
1319 2312 1362 2353 in
1382 2312 1460 2353 hac
1479 2323 1719 2352 scaenarum

259 2383 367 2423 serie
412 2383 603 2435 vestigiis
649 2382 895 2435 quibusdam
943 2381 1245 2422 obscurioribus
1289 2382 1374 2423 illis
1419 2380 1600 2435 quidem,
1628 2380 1721 2420 -sed

258 2451 382 2492 certis
413 2453 553 2492 tamen
583 2452 725 2493 ambas
746 2451 1090 2493 conformationes
1121 2452 1224 2492 mire
1254 2451 1445 2492 confusas
1476 2463 1569 2492 esse
1598 2449 1727 2491 facile

258 2523 323 2562 est
368 2521 546 2575 cognitu.
619 2521 729 2561 Dum
774 2522 922 2562 chorus
965 2522 1008 2562 in
1054 2533 1203 2561 scaena
1246 2520 1465 2575 parabasin
1517 2520 1727 2571 decantat„

259 2590 451 2632 Socrates
491 2591 737 2646 discipulum
769 2604 911 2632 senem
941 2590 1050 2635 intra
1089 2590 1269 2644 parietes
1312 2590 1457 2631 domus
1498 2602 1597 2630 suae
1628 2602 1717 2638 eru-

375 2740 423 2783 15)
447 2737 494 2774 cf.
520 2737 636 2774 etiam
663 2738 750 2774 1447
764 2757 808 2764 -—
823 2738 922 2774 1451.
