1870 3066
227 127 258 175 6

227 266 427 322 προτέρῳ
448 267 739 321 γεγραμμένῳ
758 260 808 306 τὸ
826 259 1030 322 δεύτερον
1044 266 1226 322 γραφέν,
1248 260 1360 306 ὅταν
1377 259 1459 316 τὴν
1478 260 1700 311 ὑπόθεσιν

227 334 328 389 ἕχον
359 329 442 385 τὴν
472 328 615 384 αὐτὴν
646 334 717 375 καὶ
754 328 834 383 τὰς
874 334 1083 383 πλείστας
1118 335 1206 376 τῶν
1240 330 1407 392 ῥήσεων
1438 329 1518 383 τὰς
1548 330 1698 386 αὐτάς,

227 398 331 447 τινὰ
364 403 443 447 ιιὲν
478 400 744 463 ἀφῃρημένα
785 402 873 445 τῶν
904 405 950 445 ὲκ
981 403 1061 446 τοῦ
1099 405 1313 461 προτέρου
1354 400 1701 462 συγγράμματος

228 470 315 534 ἔχῃ,
347 468 450 515 τινὰ
479 471 525 515 δὲ
554 473 861 530 προσκείμενα,
894 467 997 515 τινὰ
1026 472 1071 515 δὲ
1093 470 1418 528 ὑπηλληγμένα.
1479 474 1538 515 At
1558 487 1700 529 super-

229 544 371 585 stitem
402 542 586 583 Nubium
617 543 885 593 comoediam,
918 543 1072 597 quippe
1097 555 1204 597 quae
1234 544 1478 598 imperfecta
1498 544 1701 598 cujusque

229 613 465 655 retractatio
481 626 565 653 non
586 613 688 653 satis
706 613 896 653 absoluta
911 613 977 662 sit,
1000 613 1375 666 contemplantibus
1398 614 1515 654 nobis
1531 614 1701 663 dubium

232 696 325 724 esse
355 695 437 723 non
469 684 619 735 potest,
653 683 753 735 quin
775 682 1076 734 Aristophanes
1105 695 1185 722 non
1218 682 1339 722 modo
1371 695 1462 722 eam
1494 682 1629 723 denuo
1659 683 1702 723 iu

232 763 425 792 scaenam
456 764 540 791 non
571 751 797 800 reduxerit,
830 751 904 790 sed
929 751 1054 791 etiam
1074 752 1180 791 illud
1202 751 1418 791 consilium
1444 764 1612 804 prorsus
1633 751 1702 791 ab·

228 821 389 876 jecerit,
423 821 466 861 et
495 820 634 861 nescio
667 833 720 861 an
751 820 952 874 majorem
982 820 1108 861 fidem
1139 821 1294 861 habere
1323 820 1549 861 debeamus
1570 814 1720 861 veteri*

231 891 294 932 illi
325 891 608 944 grammatico,
641 891 711 943 qui
743 891 784 930 in
815 893 938 930 sexta
968 890 1192 944 hypothesi
1222 890 1369 933 refert:
1400 885 1703 932 διεσκεύασται

233 958 279 1001 δὲ
311 958 381 1001 ἐπὶ
412 961 571 1016 μέρους
601 955 658 1008 ὡς
688 953 745 1001 ἂν
775 954 828 1011 δὴ
860 955 1126 1011 ἀναὸιδάξαι
1155 958 1238 1013 μὲν
1269 954 1377 1001 αὐτὸ
1410 960 1489 1001 τοῦ
1517 960 1706 1011 ποιητοῦ

232 1027 621 1086 προδυμηθέντοςρ
644 1026 789 1069 οὐκέτι
805 1027 850 1069 δὲ
873 1029 1006 1070 τοῦτο
1018 1027 1059 1069 δὶ
1072 1024 1129 1079 ἥν
1144 1042 1251 1069 ποτε
1262 1029 1413 1070 αἰτίαν
1424 1024 1704 1080 ποιήσαντος.

234 1096 423 1143 Quorum
456 1097 678 1137 verborum
710 1097 885 1150 scriptor
914 1110 988 1151 pro
1030 1110 1226 1137 concesso
1271 1100 1313 1137 et
1353 1098 1525 1150 probato
1567 1099 1704 1149 sumit,

236 1168 403 1221 poetam
425 1166 685 1219 aliquantum
714 1167 880 1219 quidem
904 1166 1099 1220 temporis
1122 1179 1264 1206 secum
1286 1167 1468 1219 agitasse
1490 1167 1705 1208 consilium

237 1236 405 1276 fabulae
436 1235 571 1275 denuo
603 1236 804 1287 agendae,
836 1235 910 1274 sed
942 1237 1151 1288 postremo
1183 1236 1323 1288 aliqua
1354 1236 1405 1275 de
1437 1249 1561 1276 causa
1591 1236 1706 1276 dimi-

237 1305 356 1346 sisse.
417 1302 511 1345 Hoc
541 1304 630 1344 loco
664 1304 855 1345 omittere
881 1304 981 1345 mihi
1003 1303 1155 1356 licebit,
1188 1306 1295 1359 quod
1319 1306 1539 1356 comoedia,
1572 1306 1707 1359 qualis

238 1387 348 1414 nunc
370 1376 446 1425 est,
478 1375 649 1414 lacunas
681 1375 807 1413 habet
828 1374 998 1426 aliquot,
1030 1386 1123 1412 cum
1145 1375 1238 1414 aliis
1271 1375 1370 1414 locis
1403 1375 1516 1415 chori
1548 1375 1707 1415 cantica

239 1443 393 1484 desunt
423 1442 664 1497 antiquitus,
707 1443 798 1483 aliis
835 1442 1031 1497 strophae
1068 1445 1110 1483 et
1147 1443 1430 1498 antistrophae
1466 1444 1596 1484 verba
1626 1457 1708 1484 non

240 1513 342 1552 satis
373 1513 483 1552 inter
513 1526 560 1552 se
590 1515 835 1564 congruunt,
873 1512 966 1551 aliis
1001 1525 1068 1551 res
1100 1515 1333 1564 narrantur,
1370 1525 1476 1565 quae
1507 1513 1559 1552 ad
1589 1513 1708 1552 illum

239 1581 361 1621 modo
394 1593 548 1621 annum
579 1580 725 1621 referri
755 1585 941 1634 possunt,
979 1594 1059 1634 quo
1091 1584 1183 1622 acta
1214 1584 1277 1622 est
1309 1582 1460 1632 fabula,
1493 1581 1584 1622 aliis
1616 1594 1708 1622 con-

242 1654 386 1691 textus
408 1651 611 1691 sermonis
637 1650 961 1703 interrumpitur.
1026 1650 1137 1690 Num
1159 1651 1462 1705 Aristophanes
1483 1651 1708 1691 secundam

241 1718 428 1760 Nubium
477 1719 702 1760 editionem
748 1732 831 1759 non
875 1719 1103 1773 perfectam
1146 1732 1222 1760 nec
1268 1720 1530 1760 emendatam
1575 1719 1710 1761 denuo

240 1788 564 1829 Atheniensium
596 1788 749 1841 populo
782 1789 1053 1841 spectandam
1089 1789 1233 1829 daret?
1294 1788 1389 1829 Non
1431 1801 1544 1839 sane,
1585 1788 1709 1828 immo

241 1857 367 1898 fidem
397 1858 626 1898 habeamus
656 1857 791 1897 veteri
826 1857 889 1898 illi
924 1856 1185 1909 scholiastae,
1226 1857 1297 1911 qui
1338 1859 1505 1912 poetam
1544 1857 1711 1899 fabulae

240 1928 392 1969 iterum
423 1928 635 1968 docendae
661 1927 881 1968 consilium
902 1927 1107 1981 abjecisse
1128 1929 1315 1968 testatur.
1376 1927 1501 1969 Certe
1522 1928 1709 1980 gloriam,

242 2009 368 2049 quam
406 1996 704 2050 impetraverat
742 1996 941 2049 praebitis
980 1996 1123 2049 primis
1164 1997 1329 2048 fabulis,
1376 1996 1710 2046 Daetalensibus,

240 2065 501 2120 Babyloniis,
541 2064 894 2115 Acharnensibus,
934 2064 1169 2117 Equitibus,
1209 2065 1375 2119 Vespis,
1414 2065 1633 2117 amisisset,
1676 2065 1711 2105 si

241 2134 385 2175 invitis
417 2134 719 2187 spectatoribus
742 2132 905 2183 ‚Nubes
948 2134 1079 2174 semel
1122 2135 1320 2187 explosas
1358 2135 1411 2173 de
1449 2134 1611 2187 integro
1642 2135 1711 2175 ob-

241 2204 410 2245 tulisset
438 2215 516 2244 nec
554 2202 761 2257 perfectas
798 2215 876 2242 nec
919 2205 1176 2243 retractatas.
1252 2201 1408 2244 Notum
1454 2205 1545 2243 erat
1589 2203 1711 2254 enim,

239 2273 566 2327 Aristophanem
612 2285 707 2312 esse
752 2284 860 2323 eum,
926 2272 997 2325 qui
1042 2272 1317 2313 Daetalenses
1369 2274 1411 2313 et
1456 2271 1712 2326 Babylonios

240 2343 553 2396 composuisset,
585 2342 684 2382 licet
714 2355 785 2382 eas
816 2341 979 2382 fabulas
1011 2342 1186 2382 aliorum
1217 2342 1399 2382 virorum
1430 2342 1596 2382 nomine
1622 2342 1710 2395 jam

240 2412 503 2452 laudatorum
534 2411 679 2464 egerit.
741 2410 892 2464 Itaque
923 2411 1093 2451 dubium
1124 2424 1206 2451 non
1237 2413 1313 2462 est,
1345 2411 1444 2465 quin
1467 2410 1713 2464 superstites

240 2481 388 2524 Nubes
419 2481 536 2520 actae
568 2494 651 2520 non
682 2481 777 2531 sint,
810 2481 890 2521 nisi
920 2481 1027 2522 forte
1059 2480 1363 2532 existimamus,
1397 2480 1541 2521 Nubes
1562 2480 1713 2520 iterum

241 2553 355 2591 actas
401 2549 506 2590 alias
553 2563 646 2590 esse
687 2551 812 2603 atque
851 2563 935 2601 eas,
982 2562 1089 2603 quae
1129 2549 1249 2590 nobis
1289 2549 1332 2589 in
1372 2549 1563 2589 manibus
1604 2549 1712 2599 sunt,

240 2621 434 2675 filiosque
464 2621 562 2674 post
591 2620 720 2674 patris
752 2623 939 2672 mortem,
971 2633 1065 2661 cum
1096 2633 1199 2673 opus
1232 2619 1415 2669 ederent,
1448 2632 1530 2660 non
1561 2619 1713 2657 retrac-

243 2693 371 2733 tatam
402 2690 589 2732 fabulam
622 2689 817 2741 edidisse,
850 2691 923 2732 sed
954 2692 1175 2744 utramque
1197 2689 1421 2731 editionem
1449 2688 1600 2729 leviter
1620 2698 1714 2726 con-
