1870 3066
1506 195 1569 245 27

128 340 328 397 prioribus
360 337 547 384 Nubibus
588 337 734 379 fecisse
774 338 948 389 videtur,
988 339 1098 392 quod
1136 339 1173 379 ei
1212 340 1329 378 notas
1359 338 1410 378 ab
1441 337 1570 391 ipsi-us

126 409 289 463 ingenio
321 407 591 447 alienissimas
622 407 830 448 affinxerit
840 424 850 457 ;
883 422 1025 448 verum
1056 409 1224 448 dubium
1250 421 1331 448 non
1352 409 1427 457 est,
1459 407 1570 459 quin,

128 476 345 522 dummodo
387 474 610 527 Socratem,
646 476 689 517 in
727 477 873 531 quibus
913 477 1036 518 rebus
1072 479 1142 518 aut
1177 476 1295 518 factis
1326 488 1472 517 revera
1501 475 1570 516 ob-

123 546 353 604 jurgandus
384 547 483 596 erat,
522 546 744 587 dicacitatis
776 547 928 597 aculeis
957 547 1279 600 perstrinxisset,
1311 558 1570 598 summopere

127 616 355 660 laudandus
386 618 513 663 esset3
540 629 666 668 nunc,
698 616 733 656 si
759 629 904 656 verum
935 615 1269 669 quaesiverimus,
1301 628 1395 655 eum
1424 627 1570 667 aspere

129 684 419 739 castigabimus
451 697 498 725 ac
534 686 792 738 pergraviter
828 685 1187 739 reprehendemus.
1247 684 1299 724 In
1329 698 1376 725 eo
1408 697 1570 737 quoque

126 755 437 805 consentiemus,
469 754 578 807 quod
599 753 833 808 Xenophon
863 757 903 795 et
924 753 1040 794 Plato
1071 753 1122 793 de
1152 755 1415 807 praeceptore
1446 753 1569 793 dilec-

124 824 280 869 tissimo
320 822 505 875 afferunt,
553 820 697 877 (Mem.
734 823 769 874 I,
814 827 850 874 1,
892 827 965 872 11;
1012 825 1050 873 2,
1093 826 1137 871 1;
1185 822 1262 873 IV,
1303 826 1341 873 8,
1386 826 1450 872 10,
1493 825 1567 870 11;

125 893 274 935 Phaed.
306 890 393 947 fin.)
432 907 641 947 nunquam
664 891 841 934 'Socrate
878 893 1089 933 meliorem
1116 892 1412 946 justioremque
1441 892 1568 931 fuisse

125 965 268 1005 virum.
323 963 485 1003 ¹Verum
516 964 617 1003 haec
647 963 812 1016 quidem
842 963 1051 1003 haetenus.

237 1101 330 1142 Jam
360 1115 458 1142 vero
489 1103 652 1155 tempus
683 1094 747 1143 est
776 1102 827 1142 ad
849 1103 1020 1142 alteram
1041 1100 1390 1141 commentationis
1411 1101 1569 1153 partem

124 1170 288 1226 propius
320 1171 513 1211 accedere
546 1173 587 1212 et
613 1172 843 1225 exquirere,
875 1171 945 1224 qui
976 1170 1054 1211 loci
1083 1170 1126 1210 in
1147 1169 1367 1224 superstite
1388 1168 1570 1208 Nubium

123 1240 332 1281 comoedia
373 1254 395 1280 e
434 1241 569 1293 priore
611 1241 833 1281 earundem
871 1240 1061 1281 Nubium-
1090 1240 1340 1290 recensione,
1381 1251 1487 1291 quae
1526 1238 1569 1277 in

123 1309 242 1349 attico
274 1309 434 1350 theatro
465 1309 681 1350 commissa
712 1311 810 1360 erat,
842 1309 976 1349 adhuc
1005 1308 1160 1349 servati
1190 1308 1282 1348 sint.

235 1377 298 1418 De
336 1378 413 1417 hac
453 1378 692 1430 quaestione
730 1378 848 1418 multi
881 1379 966 1431 jam
996 1378 1106 1431 iique
1137 1377 1359 1418 doctissimi
1391 1377 1467 1417 viri
1498 1377 1567 1417 alii

122 1446 240 1486 aliter
280 1447 582 1487 disseruerunt:
626 1460 730 1500 quae
770 1447 936 1500 quidem
974 1460 1066 1487 cum
1102 1447 1192 1500 ipsa
1228 1447 1403 1487 multum
1434 1447 1567 1487 delec-

121 1516 284 1556 tationis
316 1516 543 1570 praeberet,
584 1516 813 1564 criticorum
852 1517 975 1557 simul
1011 1517 1146 1557 studia
1185 1519 1270 1557 tam
1299 1517 1568 1557 vehementer

122 1586 329 1635 excitavit,
360 1587 407 1625 ut
437 1599 459 1625 e
491 1586 699 1626 doctorum
741 1587 921 1627 virorum
951 1588 1058 1628 inter
1090 1600 1135 1627 se
1165 1586 1489 1627 dissensionibus
1520 1599 1567 1626 ac

121 1654 298 1694 discidiis
320 1655 487 1699 tandem
506 1655 802 1695 sententiarum
824 1656 1036 1696 consensio
1054 1657 1095 1695 et
1111 1656 1355 1710 conspiratio
1373 1655 1568 1695 evaderet

120 1737 342 1777 omnesque
372 1725 415 1764 in
446 1725 589 1773 eadem
620 1728 753 1765 castra
773 1727 1052 1777 convenirent,
1088 1738 1169 1778 qua
1194 1726 1234 1766 in
1257 1739 1302 1765 re
1324 1725 1566 1765 Franciscus

120 1792 362 1834 Yolcmarus
383 1792 647 1846 Fritzschius,
677 1807 784 1835 unus
815 1789 996 1836 omnium
1020 1794 1293 1846 doctissimus,
1324 1795 1435 1835 viam
1455 1808 1567 1836 mon-

119 1863 276 1914 stravit,
299 1863 493 1916 praeivit,
525 1864 730 1918 patefecit,
762 1864 957 1914 munivit;
989 1878 1070 1918 quo
1098 1865 1251 1906 factum
1273 1866 1348 1915 est,
1379 1867 1426 1905 ut
1447 1879 1565 1906 nemo

114 1931 213 1984 jam,
242 1932 322 1973 nisi
350 1933 561 1986 insipienS,
594 1933 764 1985 dubitet,
796 1934 895 1987 quin
917 1933 1099 1975 Nubium
1123 1934 1273 1986 fabula,
1306 1935 1470 1988 qualem
1492 1948 1566 1976 nos

118 2000 328 2054 habemus,
370 2003 421 2043 ab
451 2003 536 2055 illa,
579 2017 686 2056 quae
725 2003 768 2044 in
798 2004 920 2045 attico
951 2005 1111 2045 theatro
1142 2004 1359 2045 commissa
1389 2006 1464 2055 est,
1495 2005 1565 2044 ali-

118 2072 314 2122 quantum
345 2070 514 2113 differat.
582 2071 686 2127 Ejus
727 2073 787 2113 rei
817 2073 934 2115 testis
965 2088 1127 2128 quoque
1158 2074 1222 2114 est
1251 2075 1392 2114 auctor
1421 2076 1567 2114 sextae

116 2138 378 2192 hypothesis,
420 2155 512 2181 eum
553 2142 670 2182 dicit:
723 2143 866 2184 Τοῦτο
911 2139 1075 2184 ταύτόν
1113 2145 1211 2195 ,ἐστι
1255 2144 1317 2196 τῷ
1356 2146 1562 2200 προτέρῳ.

116 2205 409 2252 διεσκεύασται
442 2209 487 2252 δὲ
517 2210 586 2253 ἐπὶ
615 2212 784 2266 μέρους,
815 2209 872 2261 ὡς
900 2206 956 2255 ἂν
987 2208 1041 2264 δὴ
1072 2208 1334 2265 ἀναδιδάξαι
1353 2213 1436 2268 μὲν
1456 2209 1563 2256 αὐτὸ

116 2279 193 2319 τοῦ
226 2281 414 2331 ποιητοῦ
447 2281 845 2339 προθυμηθέντος,
877 2280 1020 2325 οὐκέτι
1049 2281 1094 2323 δὲ
1133 2283 1261 2324 τοῦτο
1290 2280 1337 2324 δι’
1374 2279 1429 2334 ἥν
1459 2299 1563 2325 ποτε

116 2347 263 2391 αἰτίαν
282 2345 559 2402 ποιήσαντος.
591 2347 793 2396 καθόλου
812 2351 894 2406 μὲν
914 2343 992 2394 οὖν
1012 2346 1165 2407 σχεδὸν
1184 2345 1305 2408 παρὰ
1324 2352 1416 2394 πᾶν
1434 2355 1565 2411 μέρος

115 2422 373 2477 γεγενημένη
427 2416 681 2478 διόρθωσις.
753 2416 809 2463 τὰ
852 2421 934 2476 μὲν
976 2417 1059 2479 γὰρ
1104 2418 1371 2482 περιῄρηται,
1418 2417 1474 2464 τὰ
1518 2421 1563 2463 δὲ

115 2490 470 2545 παραπέπλεκται
508 2489 580 2532 καὶ
620 2490 758 2551 &1137
793 2487 914 2543 τάξει
943 2495 1015 2533 καὶ
1046 2493 1091 2533 ὲν
1121 2491 1175 2553 τῇ
1204 2492 1292 2534 τῶν
1320 2488 1563 2550 προσώπων

116 2553 323 2620 διαλλαγῇ
350 2554 772 2617 μετεσχημάτισται.
832 2556 862 2603 οἳ
892 2560 937 2603 δὲ
976 2559 1212 2620 ὁλοσχερῶς
1250 2557 1561 2615 διεσκεύασται,

114 2628 297 2670 τοιαῦτα
326 2625 436 2673 ὄντα
467 2627 710 2687 τετύχηκεν.
769 2627 926 2681 αὐτίκα
965 2629 993 2683 ἡ
1024 2630 1275 2690 παράβασις
1314 2632 1393 2674 τοῦ
1428 2633 1565 2690 χοροῦ

114 2688 323 2749 ἥμειπται
354 2700 426 2746 καὶ
456 2697 567 2744 ὅπου
596 2699 620 2744 ὁ
650 2700 815 2750 δίκαιος
843 2698 970 2756 λόγος
999 2702 1108 2760 πρὸς
1128 2696 1220 2749 ,τὸν
1249 2698 1400 2744 ἄδικον
1429 2702 1560 2755 λαλεῖ,

102 2764 184 2806 ’καὶ
227 2763 277 2810 τὸ
318 2770 577 2823 τελευταῖον,
619 2767 728 2814 ὅπου
770 2772 939 2815 καίεται
978 2768 1006 2824 ἡ
1048 2765 1250 2829 διατριβὴ
1280 2768 1560 2829 Σωκράτους.
