1870 3066
1547 206 1611 254 39

165 349 272 393 divit
300 373 357 388 —
388 349 562 392 fortasse
594 347 907 404 Oh'aerephonte
932 349 1118 403 juvante,
1162 349 1270 402 quod
1302 363 1325 389 e
1354 363 1394 389 v.
1426 351 1535 390 1467
1567 361 1615 388 ac

168 421 277 460 1147
310 418 448 472 colligi
478 421 615 473 potest
644 441 699 449 —
731 419 804 459 sed
835 418 1015 459 laborem
1045 418 1204 459 irritum
1233 417 1320 459 fore
1349 420 1475 468 ratus,
1514 418 1611 458 diris

163 488 333 531 vocibus
375 488 485 530 foras
524 502 570 531 se
609 489 791 543 proripit,
832 488 1027 529 videlicet
1067 488 1176 529 omni
1216 501 1290 542 spe
1331 486 1611 541 Strepsiadem

167 570 313 612 sapere
342 569 466 612 posse
495 570 676 612 unquam
705 557 878 612 abjecta,
919 558 1025 598 lecto
1055 557 1241 598 cimicum
1272 557 1395 611 pleno
1426 558 1614 597 extrema

165 627 301 681 omnia
330 629 587 681 experturus.
647 626 674 668 J
676 639 741 667 am
771 628 922 668 lectum
961 627 1002 668 in
1034 639 1153 666 usum
1184 627 1405 666 venturum
1442 627 1610 679 putares

166 719 220 725 —
251 696 417 738 minime
446 697 585 738 hercle
614 696 732 737 vero!
769 719 825 725 —
863 696 986 737 immo
1017 697 1148 736 lectus
1179 695 1389 749 seponitur
1426 697 1468 735 et
1497 694 1611 735 insti-

165 765 333 818 tutionis
371 765 531 807 initium
565 765 622 816 fit,
669 768 766 817 (636
807 760 911 821 »ἄγε
948 760 1042 817 ιδή,·
1065 765 1110 806 τί
1144 759 1292 819 βούλει
1330 764 1482 823 πρῶτα
1509 763 1611 806 ’νυνὶ

165 830 487 896 μανθάνᾷιν“;)
523 849 628 890 quae
648 836 813 891 quidem
833 849 964 890 usque
994 835 1045 876 ad
1066 848 1232 876 versum
1255 837 1337 876 693
1357 848 1439 875 uno
1470 838 1611 876 tenore

165 905 412 960 producitur.
472 905 576 954 Mihi
613 905 777 959 quidem
817 906 984 959 propter
1013 917 1157 945 vocem
1186 904 1338 961 πρῶτα
1366 905 1436 945 isti
1464 918 1610 944 versus

166 974 440 1027 (636*——693)
484 974 526 1016 in
566 974 766 1029 prioribus
806 973 994 1017 Nubibus
1037 975 1179 1016 alium<
1207 975 1342 1016 locum
1386 974 1611 1016 obtinuisse

166 1045 371 1096 videntur,
417 1046 459 1085 et
488 1046 650 1089 cumin
690 1046 739 1085 iis
771 1043 1050 1098 Strepsiadem
1079 1045 1196 1096 quasi
1226 1046 1416 1096 tentaret,
1461 1045 1610 1097 dignus

160 1113 202 1155 'si
224 1115 355 1165 esset,
378 1113 449 1168 qui
477 1113 518 1155 in
540 1113 830 1168 discipulorum
850 1127 1065 1155 numerum
1087 1114 1370 1166 ascriberetur,
1401 1114 1466 1155 hic
1497 1115 1610 1155 locus

166 1184 277 1225 haud
307 1184 389 1227 scio
420 1197 472 1225 an
502 1184 554 1225 ad
584 1187 861 1225 versum.477
883 1197 1056 1236 usquam
1087 1197 1133 1224 se
1162 1184 1442 1237 applicaverit,
1464 1196 1610 1223 versus

47 1244 48 1247 Ἴ
80 1311 85 1315 .
167 1247 266 1295 vero
307 1254 555 1295 627—635
596 1252 784 1293 secundis
821 1251 1018 1294 Nubibus
1062 1253 1281 1306 assignem.
1349 1251 1609 1307 Strepsiades

167 1325 276 1373 tunc,
307 1323 341 1363 si
371 1323 469 1376 quid
498 1322 540 1363 in
570 1322 742 1376 ipso-sit
766 1322 919 1375 judicii,
951 1322 1167 1374 cogitando
1189 1322 1470 1362 demonstrare
1500 1322 1609 1362 ideo-

168 1405 248 1444 que
278 1394 415 1432 mente
452 1404 476 1431 a
513 1391 635 1432 rebus
666 1391 849 1432 externis
894 1392 1065 1431 avocata
1108 1393 1231 1444 caput
1259 1392 1401 1432 velare
1441 1392 1611 1444 jubetur

167 1463 292 1513 (695).
319 1460 599 1506 Veruntamen
615 1460 901 1515 progrediente
917 1460 1098 1502 oratione
1114 1459 1320 1514 duplicem
1330 1460 1611 1501 recensionem

120 1581 125 1586 ,
168 1521 469 1584 agnoscendam
499 1544 590 1571 esse
619 1531 889 1581 lucebclarius
920 1532 994 1579 est,
1026 1532 1072 1570 ut
1098 1530 1172 1570 vix
1203 1530 1419 1584 quisquam
1449 1530 1610 1571 futurus

166 1601 232 1653 sit,
263 1601 333 1654 qui
353 1603 489 1654 neget.
537 1599 657 1648 Quod
678 1602 723 1640 ut
747 1600 908 1640 facilius
938 1599 1204 1652 intellegatis,
1234 1599 1446 1640 nobiscum
1477 1600 1611 1640 animo

169 1670 417 1723 perlustrate
438 1669 646 1723 stropham
666 1670 721 1720 (v.
745 1672 894 1711 700—
908 1670 1018 1719 706),
1049 1680 1140 1708 cum
1162 1669 1309 1709 chorus
1332 1668 1613 1723 Strepsiadem

166 1739 370 1789 admonet,
410 1740 456 1778 ut
500 1750 686 1779 somnum
724 1750 748 1777 a
781 1751 825 1778 se
870 1737 1094 1790 propulset.
1155 1735 1292 1783 Quid?
1337 1738 1611 1778 infortunatus

164 1807 236 1848 ille
265 1820 505 1849 somnumne
535 1807 670 1860 capiet
698 1819 722 1847 a
751 1806 960 1848 cimicibus
990 1806 1174 1859 graviter
1202 1807 1399 1860 pressus?
1441 1807 1612 1847 Minime

165 1877 442 1929 vero,·imm0
472 1876 618 1917 chorus
649 1888 698 1918 ea
739 1876 790 1916 de
820 1888 944 1916 causa
975 1873 1268 1930 Strepsiadem,
1309 1889 1362 1917 ne
1392 1889 1535 1917 somno
1566 1890 1611 1917 se

86 1950 121 1995 .‘
165 1946 337 2001 opprimi
372 1946 562 2000 patiatur,
613 1947 816 1997 admonet,
869 1946 979 2000 quod
1028 1945 1119 1999 ejus
1161 1946 1375 1999 languore*
1402 1948 1444 1987 et
1481 1946 1611 1987 somni

158 2016 353 2078 'cupidine
392 2019 536 2069 postea
574 2015 633 2067 fit,
678 2018 724 2057 ut
754 2014 933 2057 Socratis
973 2015 1173 2055 institutio
1213 2015 1254 2055 in
1298 2016 1457 2056 irritum
1494 2016 1613 2057 cadat

128 2127 131 2129 .
163 2086 290 2137 (732).
345 2084 501 2127 Versus
532 2086 602 2139 qui
631 2087 860 2139 sequuntur
888 2086 1163 2135 (707—730)
1199 2085 1404 2127 artissime
1432 2086 1540 2127 inter
1566 2099 1611 2126 se

164 2155 383 2196 cohaerent
420 2153 629 2199 Souratem
669 2155 912 2196 redeuntem
943 2152 1304 2208 Strepsiademque
1344 2155 1548 2208 fingentes
1588 2168 1613 2195 a
1695 2203 1702 2215 Ι

164 2223 477 2277 cimici'bus'tam
498 2224 644 2265 acerbe
665 2227 877 2276 vexatum,
907 2226 956 2264 ut
975 2225 1287 2278 cogitationibus
1308 2225 1463 2266 furtum
1486 2222 1610 2280 (729)

165 2285 397 2346 confingere
427 2296 616 2347 nequeat.
672 2293 821 2347 Neque
842 2292 1045 2345 Socrates,
1076 2306 1169 2334 cum
1198 2293 1348 2335 iterum
1377 2295 1609 2346 revertitur,

166 2361 458 2417 Strepsiadem,
499 2363 565 2405 cui
604 2364 650 2404 ut
689 2363 795 2406 νοῦν
834 2359 1181 2421 ἀποστερητικόν
1215 2364 1452 2418 investiget,
1496 2378 1610 2418 prae-

166 2433 341 2486 scripsit,
378 2433 420 2474 in
450 2433 766 2486 cogitationibus·
791 2432 987 2485 defixum,
1028 2433 1102 2473 sed
1138 2432 1466 2475 obscoenissimis
1496 2446 1610 2475 occu-

163 2502 396 2557 pationibus
437 2502 620 2547 deditum
657 2503 815 2543 invenit
844 2500 982 2557 (734),
1021 2505 1064 2543 et
1098 2516 1191 2543 cum
1231 2505 1353 2544 antea
1388 2516 1413 2544 a
1444 2502 1610 2544 Socrate

160 2571 302 2625 jussus
321 2600 326 2605 -
342 2573 454 2613 esset
495 2571 789 2626 philosophari,
834 2572 971 2616 nescio
1017 2585 1097 2626 quo
1141 2574 1260 2627 pacto
1304 2574 1610 2627 praeceptorem

165 2640 416 2695 adhortatur,
437 2642 495 2692 ut,
520 2654 601 2694 qua
621 2642 674 2683 de
692 2655 739 2683 re
759 2642 992 2693 meditetur,
1012 2643 1274 2696 praescribat.
1321 2641 1390 2683 Sic
1409 2643 1609 2693 videmus,

165 2711 211 2749 ut
241 2710 377 2751 verbis
407 2709 624 2752 Fritzschii
664 2713 768 2763 utar,
813 2712 889 2752 hoe
929 2712 1018 2752 loco
1058 2712 1120 2752 bis
1152 2713 1318 2753 easdem
1358 2725 1424 2751 res
1465 2711 1609 2752 eodem

165 2779 283 2819 modo
326 2776 453 2833 (quod
494 2780 672 2820 maxime
713 2781 763 2821 ad
800 2793 888 2821 rem
928 2778 1136 2836 pertinet),
1182 2782 1254 2821 sed
1300 2781 1455 2821 ratione
1487 2781 1609 2821 valde
