1870 3066
1510 196 1575 243 37

133 336 355 392 praedicat,
390 337 547 378 scilicet
576 351 623 378 eo
654 338 821 378 consilio
842 352 953 388 usus,
984 339 1031 378 ut
1049 338 1109 378 rei
1130 337 1359 391 praesentis
1379 338 1577 377 rationem

133 405 284 447 habeat
312 405 547 459 festumque
586 406 695 446 diem
735 406 925 447 laudibus
966 402 1165 454 celebret;
1208 406 1278 459 qui
1308 418 1453 445 versus
1484 418 1576 444 cum

134 473 347 529 aptissime
367 474 611 517 cohaereant
630 488 722 516 cum
738 476 894 517 cantico
911 476 1022 517 chori
1037 476 1307 530 (antistropha
1318 475 1578 525 299--313),

134 544 498 598 etiam·str0pham
536 545 811 596 (275—290)
850 545 893 586 in
922 545 1067 586 iisdem
1098 546 1288 586 laudibus
1317 546 1524 585 versatam
1556 558 1579 584 e

132 614 275 669 primis
297 613 485 656 Nubibus
514 614 557 656 in
586 614 788 656 secundas
817 614 1050 655 manavisse
1082 615 1267 656 efficitur.
1311 612 1447 654 Ambo
1468 614 1579 654 chori

132 685 176 726 in
205 683 386 725 secunda
414 684 651 725 recensione
682 683 838 725 servari
867 685 1068 738 poterant,
1100 684 1210 737 quod
1239 686 1361 738 poeta
1390 693 1471 724 non
1501 682 1579 723 Le-

135 754 261 805 naeis,
301 753 342 794 in
382 753 556 807 alicujus
595 753 782 794 fortassis
812 754 909 808 pagi
939 754 1114 804 theatro,
1154 754 1228 794 sed
1266 753 1444 807 proximi
1483 753 1579 793 anni

133 822 273 864 vernis
301 822 512 877 Dionysiis
532 820 676 863 Nubes
705 823 947 864 retractatas
976 822 1126 863 iterum
1147 821 1298 876 populo
1320 822 1578 876 praebiturus

135 894 234 943 erat,
276 892 495 943 „videlicet
534 893 586 932 ut·
618 892 884 945 ignominiam
924 905 1060 933 coram
1100 891 1329 945 peregrinis
1370 899 1579 945 acceptam

134 961 419 1015 praesentibus
450 961 678 1016 peregrinis
708 961 931 1004 aboleret.“

254 1031 381 1072 Venio
412 1044 520 1072 nunc
550 1032 603 1072 ad
632 1032 765 1073 locum
796 1031 1003 1085 quendam
1042 1032 1097 1082 (v.
1127 1033 1268 1072 411—
1286 1031 1396 1082 435),
1428 1030 1470 1071 in
1501 1044 1580 1084 quo

135 1101 279 1141 ambae
300 1100 639 1142 conformationes
660 1102 744 1142 tam
765 1101 873 1142 male
894 1101 1088 1142 confusae
1108 1100 1452 1155 perturbataeque
1474 1102 1581 1151 sunt,

134 1171 180 1211 ut
225 1170 417 1223 colloquii
461 1170 713 1225 perpetuitas
758 1171 881 1225 plane
927 1171 1089 1212 sublata
1133 1170 1197 1212 sit.
1277 1169 1444 1211 Etenim
1490 1183 1582 1210 oum

140 1237 411 1294 Strepsiades‚
454 1240 562 1280 unde
591 1240 749 1281 fulmen
781 1241 1002 1292 exoriatur,
1046 1241 1115 1294 qui
1144 1240 1246 1281 novi.
1271 1239 1337 1280 dei
1368 1239 1461 1290 sint,
1492 1253 1583 1294 per-

138 1310 335 1364 spexerit,
367 1309 509 1351 Nubes
530 1310 810 1364 grandiloquis
838 1311 977 1352 verbis
999 1324 1093 1352 eum
1115 1311 1379 1364 alloquuntur
1399 1322 1446 1351 ac
1466 1309 1583 1364 polli-

133 1380 292 1429 centur,
324 1379 359 1419 si
387 1379 552 1419 assidue
572 1379 614 1419 in
633 1392 771 1419 rerum
791 1381 1041 1420 naturalium
1062 1379 1336 1433 cognitionem
1357 1379 1582 1432 percipien-

137 1447 230 1488 dam
252 1447 461 1489 insisteret
480 1462 557 1490 nec
577 1449 709 1490 animo
731 1450 940 1504 oculisque
960 1463 985 1491 a
1004 1450 1208 1506 proposito
1227 1461 1409 1503 unquam
1426 1448 1583 1489 aversis

137 1530 278 1557 omnes
314 1518 488 1570 labores,
527 1532 757 1570 aerumnas,
796 1520 954 1574 inopias
994 1520 1171 1560 libenter
1199 1519 1339 1569 ferret,
1360 1519 1512 1571 'ipsum
1543 1520 1585 1557 et

137 1587 179 1628 in
200 1587 454 1629 contionibus
476 1590 517 1629 et
537 1588 579 1629 in
600 1589 824 1630 actionibus
855 1581 1018 1643 semper
1038 1588 1290 1643 superiorem
1310 1585 1585 1628 discessurum

138 1670 242 1699 esse.
313 1656 406 1703 Qua
445 1671 489 1698 re
521 1658 658 1699 audita
696 1659 840 1699 laetari
881 1672 1011 1700 senex
1053 1672 1192 1711 seque,
1230 1660 1429 1712 quantum
1468 1657 1510 1697 in
1540 1670 1587 1696 se

138 1728 261 1779 esset,
298 1727 600 1781 promptissime
631 1728 869 1782 promittere
888 1729 1112 1779 facturum3
1146 1728 1245 1782 quin
1276 1728 1399 1769 etiam
1428 1728 1470 1768 in
1502 1739 1586 1767 cor-

138 1808 237 1849 pore
267 1809 340 1837 suo
371 1796 463 1838 cudi
491 1797 577 1850 pati
607 1800 772 1851 paratus
804 1800 878 1839 est.
938 1799 1075 1840 Versu
1105 1799 1242 1839 autem
1271 1798 1512 1838 423-426
1534 1795 1586 1835 de

138 1864 217 1905 diis
248 1878 271 1906 e
300 1866 446 1907 natura
475 1866 650 1920 receptis
689 1867 901 1921 disputare
938 1867 1086 1922 pergit,
1128 1867 1239 1921 quod
1269 1865 1517 1919 colloquium
1546 1878 1586 1905 v.

139 1936 218 1976 411
251 1935 536 1990 interruperat,
568 1938 610 1977 et
640 1949 731 1977 cum
753 1936 1013 1992 Strepsiades
1040 1950 1170 1978 novos
1189 1936 1285 1978 illos
1305 1936 1404 1977 deos
1424 1948 1587 1990 promp-

138 2005 294 2047 tissimo
328 2005 461 2048 animo
492 2007 720 2060 agnoverit,
763 2007 907 2049 Nubes
938 2021 1137 2062 quaerere
1168 2021 1223 2049 ex
1253 2007 1336 2059 illo,
1378 2006 1475 2060 quid
1506 2006 1587 2046 dis-

137 2088 229 2117 cere
266 2076 380 2128 velit,
423 2076 645 2130 permirum
690 2077 790 2118 mihi
826 2078 1001 2120 videtur.
1072 2078 1296 2129 Vilissima,
1336 2076 1481 2130 inquit,
1521 2088 1588 2115 res

139 2149 223 2187 est:
270 2145 404 2198 facite,
448 2147 495 2186 ut
539 2146 727 2197 omnibus
767 2145 938 2190 Graecis
984 2149 1126 2190 decem
1171 2148 1315 2189 stadiis
1356 2145 1589 2200 eloquentia

141 2217 359 2269 praestem.
409 2214 547 2262 Quid?
589 2218 774 2271 optatum
803 2218 907 2259 illud.
927 2219 1216 2273 impetrabitne
1246 2231 1271 2259 a
1300 2217 1455 2258 deabus
1478 2215 1589 2256 Stre-

139 2285 329 2340 psiades?
379 2284 514 2327 Immo
543 2300 596 2328 ne
616 2287 708 2329 vult
727 2288 922 2342 quidem,·
943 2288 1052 2343 quod
1083 2288 1254 2330 daturae
1283 2288 1397 2336 sunt;
1429 2287 1588 2327 tantum

144 2356 253 2396 enim
283 2356 412 2408 abest,
444 2358 490 2397 ut
527 2357 579 2397 ad
618 2358 816 2412 populum
855 2359 1089 2412 rogationes
1128 2359 1237 2399 ferre
1266 2370 1419 2411 easque
1448 2357 1590 2397 valere

142 2425 254 2476 velit,
276 2426 322 2466 ut
341 2425 503 2480 legibus
524 2427 855 2482 contorquendis,
887 2428 1089 2483 quomodo
1120 2441 1143 2469 e
1163 2427 1411 2468 creditorum
1431 2425 1588 2467 insidiis

141 2497 182 2537 et
212 2496 501 2538 vexationibus
533 2509 733 2538 evasurus
764 2498 828 2550 sit,
861 2498 1019 2540 discere
1043 2498 1191 2553 cupiat.
1252 2496 1317 2538 Ne
1337 2496 1403 2537 hic
1423 2495 1589 2550 quidem

134 2566 244 2611 ‚duas
274 2566 438 2608 fabulae
467 2566 806 2609 conformationes
838 2581 930 2609 esse
958 2567 1125 2609 difficile
1146 2568 1210 2608 est
1228 2567 1461 2615 intellectu3
1495 2578 1589 2605 nam

142 2637 436 2693 transponendi
465 2639 562 2678 sunt
590 2637 699 2679 inter
728 2650 774 2679 se
807 2640 1052 2687 412—422
1092 2650 1139 2681 ac
1169 2639 1423 2689 423-426,
1454 2635 1513 2677 ita
1545 2638 1592 2676 ut

143 2719 311 2747 versum
333 2710 413 2748 411
439 2701 744 2763 subsequantur
774 2711 857 2751 423
874 2733 915 2737 --
937 2711 1032 2761 426,
1054 2709 1128 2750 hos
1149 2708 1410 2755 412—422;
1443 2717 1590 2745 versus

133 2779 406 2832 *427—434,
430 2777 632 2833 prioribus
664 2777 854 2820 Nubibus
889 2779 1150 2835 abjudicandi
1180 2778 1273 2820 sint.
1333 2774 1440 2817 Nam
1472 2774 1592 2816 sicuti
