1870 3066
231 132 299 180 ‘18

231 269 260 325 ἡ
290 270 549 328 uatem-cmi),
593 276 639 315 ut
679 277 768 316 erat
807 275 1089 328 grandiloqua*
1107 287 1184 316 nec
1213 285 1238 316 a
1267 275 1543 330 sophistarum
1573 286 1686 317 more

233 342 380 393 aliena,
410 343 562 397 populo
593 344 753 385 ostendi
789 343 1045 393 arbitramur,
1078 344 1181 384 illud
1211 357 1376 397 quoque
1409 345 1498 385 veri
1529 344 1686 385 similli-

230 424 344 451 mum
366 415 441 462 est,
462 414 643 452 actorem
663 413 863 453 comicum
879 411 1060 453 Socratis
1081 425 1258 466 persona
1276 413 1477 464 indutum,
1500 414 1678 462 calvum,

230 479 447 532 labiosum,
463 488 466 491 '
482 481 785 533 discalceatum,
817 481 1026 523 sordidum
1053 481 1096 522 in
1116 493 1307 523 scaenam
1330 482 1528 536 prodisse,
1559 494 1686 537 saepe

230 550 500 591 meditantem
538 551 786 600 substitisse,
828 551 1051 604 oculosque
1096 551 1416 591 circumtulisse:
1464 552 1539 592 sed
1582 552 1686 592 illud

230 620 394 674 quoque
440 620 738 671 contendimus,
777 623 947 676 poetam
992 622 1111 678 notas
1160 621 1310 662 multas
1354 620 1407 661 de
1447 617 1686 676 sophistisss)

229 690 445 744 decerptas
458 689 615 731 Socrati
631 690 866 730 affluxisse:
883 702 992 730 nunc
1008 702 1211 743 quaenam
1226 691 1332 730 istae
1348 690 1442 740 sint,
1458 690 1683 730 videamus.

229 757 368 813 Atque
406 759 774 814 complectentibus
813 759 994 816 oratione
1042 759 1212 801 crimina
1256 760 1392 801 omnia
1439 771 1514 814 per
1560 761 1685 800 totam

229 829 480 870 comoediam
511 829 699 883 dispersa
729 831 925 883 quattuor
963 830 1082 870 nobis
1114 832 1343 879 occurrunt,
1375 842 1481 883 quae
1511 829 1685 869 multum

232 898 350 939 abest
379 899 426 939 ut
463 898 506 940 in
538 897 749 940 Socratem
789 900 934 940 cadere
973 899 1142 954 possint,
1185 899 1362 954 primum
1402 900 1512 954 quod
1537 900 1688 953 juven-

232 969 363 1007 tutem
394 969 446 1008 ab
477 969 841 1009 exercitationibus
881 969 1005 1008 animi
1043 967 1305 1022 corporisque
1336 971 1481 1008 avocet
1512 981 1687 1021 eamque

232 1034 458 1085 effeminet3
494 1037 687 1091 deinceps
719 1037 828 1091 quod
859 1049 1030 1091 pravam
1061 1038 1341 1091 eloquentiam
1370 1037 1567 1092 profitens
1596 1050 1686 1078 eam

230 1105 365 1146 litium
395 1106 586 1159 cupidam
617 1106 788 1151 efficiat;
832 1107 981 1146 deinde
1020 1107 1129 1159 quod
1169 1108 1288 1146 vanis
1329 1107 1605 1160 sophistarum
1635 1108 1701 1146 de·
1775 1108 1777 1111 ’

231 1174 294 1214 dis
335 1174 499 1228 placitis
523 1174 702 1216 deditus
742 1188 872 1216 novos
914 1175 1147 1216 introducat
1187 1176 1307 1224 deos;
1356 1176 1408 1215 ad
1453 1177 1686 1216 extremum

232 1243 341 1297 quod
381 1256 455 1297 pro
485 1244 741 1285 institutione
772 1258 848 1285 sua
885 1245 1117 1284 mercedem
1149 1246 1270 1285 avide
1301 1244 1454 1297 exigat.
1514 1244 1687 1294 Horum,

230 1312 264 1353 si
294 1312 443 1367 placet,
484 1313 699 1356 criminum
740 1316 939 1369 quantum
979 1327 1184 1368 quamque
1225 1314 1279 1355 sit
1316 1314 1477 1368 justum
1517 1315 1686 1356 aut·in-

226 1384 398 1436 just-um,
428 1398 556 1423 unum
587 1385 779 1437 quodque
809 1384 1034 1424 videamus.

348 1452 411 1493 Ab
443 1454 807 1494 exercitationibus
845 1453 968 1493 animi
1000 1453 1263 1506 corporisque
1295 1453 1558 1506 juventutem
1595 1454 1685 1493 abs-

230 1523 357 1565 trahit
421 1536 594 1577 eamque
651 1522 867 1564 effeminat.
962 1521 1043 1569 Qui
1097 1523 1263 1576 quidem
1322 1522 1525 1574 Socrates,
1593 1537 1686 1564 cum

228 1594 370 1634 omnes
401 1606 520 1633 curas
562 1593 913 1646 cogitationesque
953 1593 995 1632 in
1026 1592 1294 1633 emendandis
1324 1593 1505 1632 moribus
1536 1605 1685 1646 aequa-

227 1663 328 1704 lium
359 1664 622 1716 maximeque
655 1663 989 1713 adolescentium,
1027 1663 1097 1715 qui
1138 1665 1283 1716 postea
1313 1662 1571 1702 corroborata
1597 1663 1684 1716 jam

227 1736 363 1774 aetate
394 1733 445 1773 ad
476 1733 755 1785 gubernacula
785 1733 845 1772 rei
876 1732 1064 1785 publicae
1095 1732 1299 1781 sederent,
1332 1730 1684 1781 defixisseucum

225 1803 267 1844 in
298 1802 462 1856 publico
492 1801 678 1855 quotidie
709 1802 832 1854 atque
871 1802 913 1842 in
957 1801 1130 1842 officinis
1171 1802 1368 1851 sutorum,
1408 1800 1682 1850 coriariorum,

225 1872 442 1922 fullonum,
487 1871 710 1923 figulorum
743 1870 1103 1924 philosopharetur
1141 1872 1213 1910 aut
1253 1882 1277 1909 a
1315 1869 1403 1910 vita
1432 1869 1681 1922 quotidiana,

227 1941 277 1981 ab
300 1940 525 1995 opificibus,
548 1940 599 1980 ab
621 1940 810 1980 omnibus
831 1941 1009 1994 denique
1029 1940 1166 1991 rebus,
1198 1952 1301 1993 quas
1328 1939 1475 1993 cuique
1496 1940 1681 1993 cognitas

226 2024 320 2050 esse
350 2011 547 2060 novisset,
577 2012 719 2063 petere
750 2011 904 2050 soleret
933 2011 1138 2064 exempla,
1171 2008 1300 2058 (Xen.
1323 2010 1445 2049 Mem.
1469 2009 1503 2057 Ι,
1536 2011 1575 2059 2,
1602 2012 1679 2057 37;

227 2080 313 2130 ΠΙ,
346 2083 384 2129 7,
418 2083 469 2133 63
509 2079 585 2129 IV,
619 2082 657 2129 4,
690 2081 734 2127 5;
784 2079 928 2120 Nubes
961 2081 1063 2128 234)
1103 2092 1202 2118 num
1240 2078 1525 2132 philosophiae
1562 2078 1680 2119 disci-

225 2149 380 2202 plinam
413 2149 679 2189 domesticam
710 2150 917 2201 quandam
949 2151 1073 2201 atque
1104 2148 1364 2188 umbratilem
1396 2148 1579 2187 traderet
1600 2147 1680 2188 dis·
1716 2174 1718 2176 -

226 2218 401 2272 cipulis?
461 2216 591 2271 Atqui
614 2217 912 2272 Aristophanes
935 2217 1146 2259 Socratem
1175 2218 1218 2259 in
1242 2212 1592 2275 ’φροντιστήριον
1621 2218 1680 2257 in—

226 2288 359 2338 clusit,
391 2288 462 2327 ubi
493 2288 544 2327 ab
576 2288 685 2327 omni
715 2289 886 2328 ventulo
919 2300 964 2327 se
993 2289 1142 2337 tuetur,
1174 2286 1363 2340 discipuli
1385 2286 1475 2339 ejus
1497 2286 1680 2327 solitaria

340 2425 373 2469 ⁸)
410 2424 463 2459 Et
493 2424 576 2469 ipse
607 2423 821 2459 Aeschines
857 2423 908 2469 (Ι,
937 2423 1024 2468 173)
1056 2433 1140 2459 eum
1180 2422 1388 2469 sophistam
1419 2422 1598 2468 appellat,
1638 2425 1678 2458 et

223 2481 324 2527 apud
347 2481 597 2518 Plutarchum
621 2481 721 2525 (Cat.
748 2480 835 2517 min.
859 2482 925 2526 23)
950 2492 972 2516 a
997 2481 1140 2517 Catone
1167 2481 1272 2520 λάλος
1298 2482 1356 2514 καὶ
1371 2481 1487 2523 βίαιος
1505 2483 1676 2527 vocatur,

222 2539 321 2575 unde
349 2539 607 2585 cognoscitur,
634 2538 794 2584 posteri,
822 2538 937 2575 sicuti
967 2538 1109 2575 factum
1135 2542 1207 2584 est,
1238 2541 1283 2575 ut
1313 2547 1511 2584 perperam
1539 2537 1585 2574 de
1611 2537 1676 2574 So-

222 2600 327 2633 crate
354 2596 584 2644 judicarent,
626 2597 682 2633 ita
719 2596 832 2643 paulo
865 2608 980 2644 supra
1011 2600 1179 2634 nostram
1209 2595 1426 2633 memoriam
1450 2596 1676 2633 Forchham-

223 2655 381 2692 merium
413 2655 472 2701 (in
505 2656 596 2700 „die
622 2656 799 2692 Athener
822 2656 899 2692 und
925 2656 1148 2700 Socrates“,
1181 2655 1292 2700 1837)
1324 2654 1405 2700 ejus
1436 2657 1676 2691 accusatores

221 2713 363 2750 imitari
388 2712 570 2760 potuisse.
