1870 3066
1512 149 1576 196 41

134 284 228 338 post
256 297 295 325 v.
327 287 409 326 888
445 285 653 327 invenitur
680 282 827 342 Χορός
856 284 1055 345 (Χοροῦ),
1089 287 1257 343 jamque
1295 288 1461 330 chorum
1501 289 1579 330 hoc

134 354 223 395 loco
273 355 418 417 deesse
466 358 718 409 grammatici
767 360 949 399 veteres.
981 359 1366 399 animadverterant.
1439 359 1578 412 Atque

137 424 318 476 chorum,
348 428 394 466 ut
424 430 512 467 erat
540 427 678 480 graeci
707 427 856 468 theatri
876 428 1124 469 consuetudo
1156 440 1202 468 ac
1232 441 1333 480 mos,
1365 428 1471 469 sicut
1500 428 1578 469 hoc

134 494 235 545 loco,
267 495 364 535 dum
393 496 511 537 ambo
542 496 773 547 histriones,
814 498 884 551 qui
912 498 1031 539 modo
1054 496 1232 539 Socratis
1263 500 1306 538 et
1326 496 1576 551 Strepsiadis

137 575 334 617 personas
361 565 556 617 egerant,
594 578 722 605 novos
763 563 978 606 Oratorum
1018 566 1181 605 habitus
1224 568 1345 606 extra
1385 578 1577 605 scaenam

134 632 312 674 induunt
355 637 398 674 et
439 633 655 687 respirant,
701 634 758 675 ita
800 648 942 675 rursus
982 635 1246 676 altercatione
1285 634 1437 684 habita,
1478 635 1577 674 dum

133 715 328 757 personas
350 705 521 750 mutant,
552 704 751 743 canticum
772 716 918 744 canere
938 690 1107 744 necesse
1128 706 1228 744 erat.
1264 703 1379 743 Illud
1408 703 1576 756 quidem

130 773 219 828 jam
262 770 325 814 Gr.'
353 770 617 812 Hermannus
659 772 775 823 vidit,
820 773 897 814 hoc
941 774 1144 814 canticum
1194 787 1275 814 non
1317 773 1575 814 librariorum

133 832 255 896 culpa
284 842 502 891 excidisse,
543 841 617 881 sed
646 854 671 892 a,
699 845 819 895 poeta
857 842 1037 882 nondum
1067 842 1262 895 scriptum
1294 855 1397 892 esse,
1428 846 1475 881 ut
1505 841 1577 893 qui

135 911 338 952 secundas
367 909 511 951 Nubes
542 923 623 951 non
661 911 784 964 plane
821 911 1055 952 absolverit.
1125 909 1243 957 Quae
1272 923 1364 950 cum
1393 909 1451 950 ita
1480 910 1575 962 sint,

131 981 271 1022 mirari
291 980 541 1030 debebimus,
574 981 642 1034 qui
662 980 745 1030 fiat,
767 983 813 1020 ut
836 979 1024 1021 Socrates
1046 979 1327 1033 Strepsiadem
1347 980 1423 1019 sub
1443 980 1576 1033 ipsam

133 1047 352 1090 oratorum
395 1049 712 1100 altercationem,
757 1062 850 1103 qua,
880 1049 961 1090 utri
997 1048 1264 1103 Phidippides
1294 1060 1340 1089 se
1377 1048 1419 1088 in
1457 1048 1576 1089 disci-

135 1120 291 1175 plinam
327 1119 454 1169 daret,
498 1123 773 1173 quaereretur,
814 1120 1049 1171 interroget,
1096 1132 1218 1172 quem
1260 1118 1391 1159 filium
1422 1119 1575 1159 docere

110 1189 250 1240 .velit,
290 1189 483 1243 q'uoniam
512 1188 697 1242 Injustus
729 1185 871 1230 Sermo
897 1189 1096 1242 juvenem
1127 1188 1380 1228 edocendum
1405 1188 1575 1242 jampri-

140 1259 235 1300 dem
264 1266 502 1313 susceperat
522 1261 645 1312 atque
672 1260 718 1299 ut
739 1259 918 1299 erudiret
938 1271 1030 1298 cum
1051 1271 1100 1298 eo
1120 1257 1287 1297 abierat.
1332 1256 1472 1303 Quare
1503 1258 1575 1297 du-

133 1328 245 1370 bium
273 1341 353 1369 non
382 1332 458 1379 est,
489 1327 587 1381 quin
606 1340 752 1368 versus
782 1329 1075 1376 1105—1112,
1107 1327 1189 1380 qui,
1219 1330 1437 1380 propterea
1466 1327 1576 1380 quod

128 1411 169 1438 v.
217 1401 325 1440 1111
374 1395 564 1439 Socrates
609 1409 701 1437 sese
744 1395 875 1437 filium
919 1396 1137 1438 dexterum
1180 1396 1438 1439 redditurum
1482 1411 1576 1438 esse

137 1469 354 1523 pollicetur
390 1467 628 1521 sophistam,
666 1467 787 1520 priori
827 1465 1008 1507 Nubium
1047 1466 1276 1507 recensioni
1315 1466 1577 1520 adjudicandi

132 1530 241 1588 sunt,
270 1537 314 1578 in
342 1537 416 1577 illa
435 1536 723 1577 alium'locum
746 1534 981 1588 occuparint
1010 1538 1053 1575 et
1080 1536 1191 1575 haud
1222 1535 1305 1576 scio
1335 1547 1388 1575 an
1407 1548 1577 1576 versum

129 1608 213 1648 881
242 1600 492 1659 (11111611611111.Δ
539 1602 659 1644 Hanc
680 1604 789 1643 enim
818 1615 1008 1644 scaenam
1038 1604 1336 1644 institutionem
1363 1616 1388 1644 a
1408 1603 1578 1646 Socrate

132 1665 222 1730 ipso
265 1673 589 1715 administratam
634 1672 895 1712 subsecutam
939 1685 1032 1713 esse
1075 1686 1276 1728 perquam
1318 1674 1408 1715 veri
1443 1674 1578 1716 simile

131 1747 208 1798 est,
266 1744 423 1785 Versus
454 1745 590 1783 autem
612 1731 921 1785 881-’888111
953 1755 1045 1783 eam
1071 1744 1319 1783 sententiam
1348 1743 1501 1797 scripti,
1532 1746 1579 1785 ut

85 1812 88 1817 '
132 1814 384 1856 audientium
424 1812 580 1853 animos
621 1812 672 1852 ad
712 1811 922 1852 amborum
953 1808 1171 1852 Oratorum
1207 1812 1432 1854 adventum
1460 1803 1577 1869 prae-

129 1887 332 1939 pararent,
364 1883 413 1923 ad
445 1882 692 1935 posteriores
722 1881 866 1922 Nubes
896 1882 1115 1936 pertinent.

110 1945 116 1950 ⁴
243 1952 467 2005 Reliquum
497 1953 573 2001 est,
609 1952 656 1991 ut
695 1951 747 1991 de
777 1950 1051 2005 epirrhemate
1081 1946 1437 2007 (1115—1130),
1468 1952 1577 2006 quod

129 2023 256 2078 'vulgo
294 2009 453 2071 dicitur,
493 2020 634 2074 paucis
674 2020 886 2070 disseram,
928 2020 1038 2073 quod
1072 2022 1241 2074 propter
1269 2020 1577 2062 similitudinem

58 2079 62 2082 ’
130 2091 368 2146 quandam,-
393 2102 500 2143 quae
543 2089 652 2129 inter
689 2088 799 2129 idem
844 2089 1038 2143 aliudque
1078 2087 1231 2128 Avium
1274 2089 1578 2143 antepirrhema

128 2154 452 2215 (1101—1117)
482 2158 711 2209 intercedit,
742 2170 837 2198 eum
876 2171 998 2211 quem
1028 2157 1154 2197 habet
1186 2157 1320 2198 locum
1351 2159 1576 2200 obtinuisse

129 2229 231 2270 mihi
260 2228 434 2268 videtur.
494 2217 723 2279 Utrobique
761 2227 899 2280 lepide
928 2227 1075 2267 chorus
1111 2228 1286 2279 poetam,
1318 2227 1353 2267 si
1381 2228 1460 2281 ipsi
1490 2228 1576 2281 pal-

127 2311 244 2346 mam,
277 2296 505 2346 tribuerint,
555 2298 806 2350 spectatores
850 2296 1010 2349 magnis
1049 2295 1287 2336 muneribus
1331 2296 1575 2338 donaturum

61 2365 73 2418 f
131 2380 224 2410 esse
263 2365 475 2421 promittit,
514 2364 577 2405 sin
614 2365 761 2416 minus,
803 2378 848 2406 se
879 2365 1158 2419 cujuscunque
1201 2366 1366 2418 generis
1396 2366 1575 2406 malain

63 2467 65 2469 -
131 2449 273 2492 eorum
301 2435 435 2490 capita
463 2434 675 2476 illaturum
700 2436 841 2490 jocose
870 2435 1090 2476 minitatur.
1151 2435 1270 2476 Dicet
1300 2436 1415 2490 quis:
1452 2436 1574 2491 quid?

126 2511 175 2549 tu
213 2509 299 2547 tam
341 2506 520 2545 humane
566 2516 658 2545 cum
701 2505 998 2560 spectatoribus
1032 2504 1161 2557 jocari
1198 2506 1381 2558 potuisse
1411 2506 1574 2560 poetam

130 2576 370 2619 existimas?
420 2573 512 2629 Ego
543 2586 641 2615 vero
681 2575 875 2623 maxime,
914 2574 949 2615 si
988 2573 1066 2614 hoc
1097 2573 1329 2628 epiri-hema
1357 2574 1400 2616 in
1431 2573 1571 2616 Nubes

63 2698 66 2699 ⁷
127 2648 284 2702 priores
313 2646 488 2695 referas3
529 2645 708 2696 minime,
748 2645 784 2686 si
813 2658 838 2685 a
865 2647 987 2699 poeta
1015 2644 1068 2685 in.
1088 2643 1279 2684 secundis
1309 2644 1472 2684 demum
1503 2642 1572 2682 ad-

129 2704 261 2757 ditum
298 2728 391 2757 esse
421 2714 594 2768 judices.
663 2712 752 2754 Nec
793 2714 941 2754 mirum
972 2716 1056 2762 est3
1105 2711 1257 2753 etenim
1299 2712 1342 2753 in
1371 2710 1572 2767 prioribus
